3310 5242
821 561 862 624 56

290 771 353 838 duo
376 772 438 837 loci
462 791 503 837 ex
529 771 586 837 Bis
609 772 771 837 Accusato
796 776 827 836 et
849 770 1048 837 Hermotimo
1070 774 1153 837 inter
1175 791 1209 838 se
1232 768 1403 855 comparati

288 899 406 964 favent
442 898 659 962 Hermotimus
693 896 818 972 Stoicus
852 898 886 959 in
922 897 1046 982 dialogo
1081 899 1132 962 sui
1167 897 1305 961 nominis
1336 895 1400 976 (13)

288 1023 458 1106 Lucinum,
494 1022 553 1087 sub
585 1043 649 1107 qua
682 1042 817 1108 persona
849 1025 956 1106 ipsum
991 1025 1177 1108 scriptorem
1212 1023 1309 1087 latere
1334 1023 1400 1104 jam

288 1171 387 1236 supra
422 1151 498 1234 dixi,
528 1151 614 1215 hunc
645 1150 838 1214 admodum
863 1151 1051 1234 alloquitur:
1078 1149 1131 1233 ,Si
1153 1154 1184 1215 te
1208 1149 1334 1234 aspicio,
1358 1149 1402 1210 mi

289 1276 420 1360 Lucina,
455 1277 531 1340 mihi
567 1277 649 1341 circa
680 1276 889 1361 quadraginta
920 1295 1020 1342 annos
1043 1281 1137 1342 natus
1162 1295 1231 1342 esse
1254 1272 1402 1339 rideris.'’

287 1403 329 1469 In
356 1403 413 1468 Bis
435 1404 594 1468 Accusato
618 1404 682 1484 (32)
707 1421 791 1486 vero,
815 1408 852 1467 ut
870 1405 936 1486 jam
961 1403 1153 1482 audivimus
1174 1401 1337 1466 Lucienus
1360 1419 1404 1478 se,

290 1548 364 1593 cum
398 1528 668 1613 quadragenarius
700 1534 790 1603 esset,
815 1550 833 1594 a
856 1528 1024 1594 Rhetorica
1047 1529 1086 1593 ad
1109 1547 1216 1593 reram
1240 1527 1403 1592 transiisse

289 1655 521 1740 philosophiam
548 1661 664 1721 narrat.
690 1656 806 1741 ltaque
829 1655 1063 1721 Hermotimum
1085 1654 1142 1720 Bis
1166 1655 1325 1720 Accusata
1348 1673 1403 1717 an-

289 1782 437 1846 teriorem
461 1801 530 1847 esse
553 1782 674 1866 hquide
697 1786 831 1866 apparet.

334 1907 444 1990 Ah’ud,
478 1908 563 1991 quod
596 1908 764 1992 praecedit,
799 1928 888 1992 opus,
923 1911 970 1972 est
1000 1907 1147 1971 Vitarum
1179 1907 1305 1990 Auctio,
1329 1907 1404 1990 quia

290 2033 466 2119 Diogenem
501 2033 540 2097 ob
575 2034 812 2117 contumeliae,
829 2034 947 2118 quibus
981 2033 1143 2098 Lucienus
1173 2035 1208 2097 in
1231 2014 1287 2096 illa
1309 2033 1405 2097 satira
1440 2109 1441 2112 Ἴ

290 2160 494 2244 philosophos
517 2159 628 2243 affecit,
651 2161 685 2222 in
709 2159 870 2225 Piscatore
894 2161 947 2243 (23
972 2165 1003 2225 et
1026 2161 1080 2238 27)
1102 2161 1218 2224 iratum
1241 2159 1403 2239 videmus,

291 2305 354 2370 quo
378 2285 506 2368 accedit,
530 2284 662 2350 utfinis
685 2285 856 2350 Piscatoris
880 2305 937 2370 pro
961 2286 1171 2370 explicatione
1192 2284 1336 2350 habenda
1356 2286 1406 2368 sit,

209 2441 213 2454 ·
292 2433 359 2497 qua
388 2411 558 2496 Lucienus,
589 2432 669 2497 quos
692 2414 724 2476 in
749 2413 804 2476 illa
826 2412 975 2476 Vitarnm
998 2413 1156 2476 Auctione
1180 2410 1303 2476 occulte
1328 2411 1406 2494 peti·

296 2540 385 2622 verit,
409 2543 516 2622 aperte
540 2538 665 2602 indicet.
693 2537 785 2619 (Piso.
809 2539 885 2636 48),

338 2664 440 2728 Maior
480 2669 586 2729 tamen
620 2665 880 2748 praecedentium
915 2664 1112 2748 dialogorum
1148 2681 1239 2748 seges
1275 2681 1317 2728 ex
1351 2663 1409 2729 Bis

157 2783 162 2790 ”
290 2793 451 2857 Accusato
475 2793 516 2854 33
541 2792 617 2856 meti
639 2795 751 2875 potest,
775 2790 831 2855 uhi
854 2789 1017 2874 Dialogus,
1041 2791 1123 2854 sicut
1144 2810 1240 2874 supra
1259 2789 1408 2873 vidimus,

291 2923 400 2983 utrum
434 2918 573 3003 pedestri
607 2937 752 2983 sermone
787 2937 828 2981 an
851 2918 941 3002 poesi
965 2919 1006 2982 sit
1029 2911 1232 3001 compositus,
1254 2935 1318 2979 non
1343 2935 1409 2979 am-

291 3046 376 3131 plius
419 3045 569 3109 affirmari
601 3064 694 3129 posse
730 3047 882 3128 queritur.
919 3023 1114 3118 Cernebatur
1148 3043 1268 3108 scilicet
1301 3043 1336 3105 in
1371 3061 1409 3108 eo

291 3167 453 3254 παράδοξος
475 3173 583 3255 κρᾶσις,
607 3192 703 3256 quam
726 3170 888 3236 Lucianus
914 3190 930 3235 e
955 3173 1051 3236 satira
1063 3169 1231 3255 Menippea
1242 3175 1409 3235 mutuatus

292 3304 384 3364 esset.
420 3297 500 3363 Cum
532 3304 637 3363 autem
668 3300 702 3362 in
726 3298 876 3382 Menippo
901 3299 967 3363 sive
990 3297 1229 3381 Necyomantia,
1252 3297 1408 3362 Icarome-

292 3425 399 3507 nipp0,
433 3423 514 3487 Jove
547 3422 716 3507 Tragoedo,
751 3428 782 3487 et
818 3423 961 3488 Charone
996 3442 1108 3487 versus
1140 3441 1251 3506 prosae
1274 3422 1409 3486 orationi

292 3551 471 3614 intermixti
506 3551 721 3633 inveniantur,
753 3551 841 3635 origo
871 3551 903 3615 'et
925 3554 1052 3633 tempus
1076 3568 1186 3614 eorum
1211 3550 1409 3634 dialogorum

293 3696 358 3741 non
381 3676 519 3759 amplius
541 3677 662 3739 incerta
685 3680 770 3740 sunt.

339 3802 463 3880 Quibus
498 3801 645 3886 operibus
680 3807 838 3886 postremo
872 3801 998 3886 Dialogi
1021 3801 1221 3866 Mortuerum
1245 3803 1411 3886 addantur,

295 3929 352 3994 ubi
382 3930 417 3992 in
441 3929 550 3993 decem
574 3927 832 3993 altercationibus
855 3927 909 3992 ille
932 3926 1055 4008 φοβερὸς
1080 3925 1130 3991 aa>
1156 3927 1266 3992 idaeae
1288 3928 1411 4014 Menip-

295 4074 356 4141 pus
379 4056 497 4138 primas
521 4054 586 4138 egit
608 4059 722 4137 partes,
745 4072 850 4137 neque
870 4053 1029 4119 veteribus
1049 4057 1188 4138 pepercit
1208 4055 1412 4139 philosophis,

296 4182 335 4244 de
358 4199 421 4262 qua
445 4181 562 4264 inJ‘nria
584 4178 759 4263 Diogenem
783 4181 816 4243 in
840 4179 1002 4244 Piscatore
1026 4181 1089 4263 (26)
1115 4187 1298 4265 querentem
1323 4181 1411 4245 audi·

298 4325 411 4370 vimus.
