3328 5234
253 817 352 864 uerus
375 804 406 865 et
428 803 500 885 post
522 818 598 864 eum
623 800 678 864 alii
701 800 942 866 damnaverunt.
962 800 1064 866 Abest
1084 820 1213 885 quoque
1225 802 1372 887 dialogus

254 945 357 1010 aeque
391 946 428 991 ac
461 925 546 992 Nero
581 930 612 991 et
646 926 838 1011 Philopatris
868 948 887 991 a
918 927 1027 992 codice
1056 927 1211 992 Vaticano
1238 929 1313 1012 (90),
1337 928 1376 992 de

256 1073 320 1137 qua
344 1072 378 1117 re
401 1053 551 1118 disseruit
574 1073 603 1116 r.
627 1053 655 1116 d.
678 1052 845 1117 Rothstein
868 1055 903 1116 in
926 1051 1053 1128 Quaest
1077 1052 1208 1118 Lucian.
1232 1074 1260 1139 p.
1287 1055 1314 1117 3.

301 1177 356 1243 VI.
385 1177 548 1261 Macrobii,
572 1181 606 1243 in
630 1199 694 1296 quo
718 1179 799 1243 libro
822 1199 916 1245 nemo
938 1180 1066 1244 Tiberio
1091 1182 1250 1244 recentior
1274 1181 1380 1243 nomi-

224 1313 226 1316 ’
255 1308 359 1387 natur,
384 1304 422 1368 ab
446 1305 516 1369 aliis
539 1307 618 1369 viris
642 1305 743 1368 doctis
767 1305 806 1368 ad
829 1306 983 1388 primum,
1007 1325 1025 1368 a
1048 1304 1090 1368 M.
1111 1304 1312 1369 Rothsteinio
1339 1306 1378 1389 (p.

260 1429 446 1512 123-127)
470 1431 510 1494 ad
535 1433 686 1515 quartum
711 1431 857 1495 seculum
881 1430 1025 1496 refertur.

301 1553 368 1617 VII
390 1559 420 1619 et
442 1554 532 1618 VHI.
557 1553 744 1620 Dindorfius
770 1557 813 1638 (in
836 1556 931 1640 praef.
955 1556 1012 1619 Ed.
1032 1552 1108 1620 Luc.
1128 1576 1156 1639 p.
1179 1556 1209 1636 9)
1229 1555 1328 1620 libros
1341 1556 1379 1620 de

258 1661 329 1744 Dec
352 1679 446 1765 Syrio
468 1686 499 1746 et
523 1681 562 1746 de
584 1679 764 1765 Astrolepio
785 1684 915 1765 propter
928 1682 1182 1765 superstitiosam
1194 1680 1337 1745 indolem
1350 1685 1381 1745 et

257 1805 429 1871 dialectum
459 1806 614 1890 lonicam,
646 1827 710 1892 qua
733 1808 768 1870 in
791 1811 929 1891 utroque
951 1807 1059 1872 libello
1083 1812 1194 1872 auctor
1217 1827 1298 1872 usus
1321 1811 1379 1891 est,

255 1952 274 1996 a
307 1931 449 1998 Lucieno
484 1935 605 1999 ahenos
631 1934 795 2017 judicavit.
826 1932 906 1996 Mihi
936 1937 1046 1998 tamen
1065 1933 1198 2019 ,indoles
1217 1953 1284 1998 non
1307 1937 1374 1997 tam

256 2060 385 2125 credula
425 2061 575 2144 videtur,
604 2066 641 2125 ut
674 2080 770 2144 opera
803 2059 946 2124 Lucieno
982 2060 1100 2124 rhetori
1134 2059 1273 2124 tribuere
1308 2078 1375 2123 non

255 2185 401 2250 audeam.
435 2185 522 2249 Nam
555 2187 589 2249 in
624 2185 806 2269 Astrologia
841 2187 991 2268 antiquae
1024 2184 1151 2249 fabulae
1183 2184 1380 2249 rationaliter

256 2309 465 2394 explicantur,
496 2330 521 2375 e.
534 2331 563 2394 g.
593 2310 807 2394 Bellerophon
836 2330 902 2374 non
932 2310 1054 2394 Pegaso
1091 2330 1148 2394 per
1172 2329 1246 2375 aera
1270 2315 1382 2375 vectus

256 2441 313 2519 est,
346 2436 403 2500 sed
432 2438 509 2520 quia
538 2437 660 2520 peritus
691 2436 879 2521 astrologiae
910 2439 986 2519 erat,
1007 2438 1113 2500 totum
1136 2454 1242 2500 aerem
1268 2440 1375 2500 mente

256 2561 527 2645 complectebatur
550 2563 580 2644 [ᾗ
594 2563 645 2646 13,
670 2581 814 2647 quocum
837 2561 981 2627 conferas
1004 2561 1044 2626 de
1066 2561 1240 2626 Saltatione
1254 2561 1305 2644 19,
1322 2561 1377 2626 ubi

256 2686 392 2752 Proteus
425 2689 635 2772 perantiquus
668 2689 791 2752 mimus
825 2689 1032 2769 nominatur).
1070 2687 1111 2751 In
1141 2687 1224 2751 libro
1249 2688 1288 2752 de
1310 2685 1379 2752 Dea

258 2811 351 2894 Syria
374 2814 595 2898 superstitiosa
617 2814 657 2879 de
675 2814 823 2879 Adonide
834 2813 942 2878 fabula
954 2815 1133 2879 secundum
1148 2815 1234 2899 leges
1247 2818 1382 2879 naturae

258 2939 449 3022 explanatur
473 2939 504 3021 (ξ
518 2941 547 3022 8,
573 2958 715 3022 quocum
739 2939 950 3004 conferendus
974 2944 1022 3004 est
1045 2939 1165 3021 Scytha
1189 2940 1219 3021 2)
1236 2944 1272 3003 et
1286 2958 1380 3025 saepe

257 3067 400 3149 scriptor,
425 3085 507 3150 quae
530 3065 662 3148 audivit,
687 3085 753 3130 non
776 3085 832 3149 pro
857 3067 941 3131 veris
965 3085 999 3131 se
1018 3065 1284 3131 haberetestatur
1298 3066 1377 3150 (11).

303 3193 453 3258 Alterum
478 3190 640 3256 'Dindorfii
670 3195 900 3277 argumentum
934 3211 976 3257 err
1004 3191 1115 3256 Ionica
1145 3193 1278 3256 dialecto
1304 3193 1383 3277 peti-

258 3321 331 3382 tum
366 3319 463 3382 ctiam
498 3318 633 3382 minoris
667 3321 715 3382 est
741 3319 851 3402 pretii,
875 3317 1038 3383 Lucienus
1062 3319 1150 3383 enim
1175 3318 1253 3402 loco,
1277 3338 1383 3401 quem,

255 3465 285 3510 v.
299 3446 327 3510 d.
363 3445 486 3528 adtulit,
518 3445 601 3509 hanc
638 3444 811 3509 dialectum
846 3465 911 3509 non
941 3445 1145 3530 improbavit,
1178 3447 1234 3510 sed
1264 3464 1374 3510 rerum

260 3573 430 3655 scriptores
454 3570 549 3635 modo
572 3570 677 3636 Attice
695 3571 797 3634 ‘modo
820 3571 930 3636 Ionice
954 3572 1051 3636 modo
1074 3579 1150 3653 κοινῇ
1175 3592 1251 3638 usos
1275 3593 1384 3637 narra-

260 3698 381 3763 tionem
406 3716 598 3782 componere
620 3698 780 3781 vituperat
803 3697 854 3778 (de
877 3698 949 3762 hist.
973 3697 1127 3762 conscrib.
1152 3698 1215 3781 18),
1238 3698 1290 3762 rel
1302 3699 1380 3763 adeo

258 3824 327 3909 ipse
360 3826 396 3887 in
433 3822 634 3905 „Herodoto”
669 3823 734 3905 (10)
770 3823 907 3887 declarat
939 3823 971 3886 τὸ
1003 3822 1102 3887 οἰκεῖον
1133 3829 1170 3906 τῇ
1204 3822 1295 3906 Ἰωνίᾳ
1325 3821 1377 3888 καὶ

260 3947 407 4031 προσφυὲς
438 3945 491 4011 εἴθε
522 3949 711 4026 μιμήσασθαι
740 3947 861 4012 δυνατὸν
892 3941 935 4020 ἦν.
967 3947 1007 4012 In
1036 3946 1188 4013 Vitarurn
1221 3950 1382 4015 Auctione

262 4073 304 4158 (3,
326 4077 357 4158 4,
382 4074 433 4157 13,
457 4074 509 4156 14)
532 4075 736 4160 Pythagorae,
759 4047 976 4157 Democritus,
997 4073 1182 4139 Heraclitus
1207 4077 1309 4159 patrio
1321 4077 1342 4140 i.
1354 4096 1380 4141 e.

261 4201 371 4265 lonico
394 4220 542 4267 sermone
567 4203 617 4266 usi
640 4202 818 4266 doctrinam
842 4221 935 4266 suam
955 4202 1152 4284 explicantes
1172 4202 1381 4267 inducuntur.

305 4327 406 4393 Vides
437 4347 512 4414 ergo
546 4333 737 4413 argumenta
766 4326 975 4391 Dindorfiana
1005 4347 1071 4391 non
1100 4329 1146 4391 ita
1174 4327 1271 4392 firma
1306 4347 1386 4425 esse,

1271 4437 1289 4496 9
