3328 5234
286 767 436 834 sandraca
459 769 615 834 Alexidis.

284 895 332 960 De
354 895 493 979 Epicuro
516 897 711 959 mentionem
734 895 873 958 faciunt:

284 1018 484 1101 Ἀνδροφόνος,
508 1016 726 1093 Συνεξαπατῶν
750 1019 893 1104 Batonis,
919 1018 1078 1100 Φιλέταιροι
1102 1021 1286 1106 Hegesippi.

285 1149 324 1212 In
345 1150 451 1232 ipsum
475 1147 679 1211 Aristotelem
702 1146 829 1211 nullum
854 1148 1038 1210 convicium
1058 1149 1177 1231 inveni,
1196 1147 1253 1211 sed
1272 1147 1360 1211 Peri-

242 1275 379 1358 patetici,
411 1274 539 1336 divitias
569 1291 634 1334 non
666 1275 863 1354 respuentes,
897 1291 1141 1354 nonnumquam
1176 1278 1361 1355 carpuntur.

286 1399 341 1462 VI.
364 1400 513 1484 Angusto
537 1398 667 1462 vinculo
690 1417 764 1461 cum
788 1396 930 1462 Deorum
955 1397 1088 1481 dialogis
1112 1398 1189 1461 mihi
1210 1399 1361 1481 conjunc

243 1531 295 1591 tus
326 1527 452 1590 videtur
473 1524 675 1590 Prometheus
697 1525 760 1588 sa'ac
786 1525 953 1606 Caucasus,
977 1523 1033 1588 sed
1050 1521 1096 1588 'de
1119 1525 1240 1587 comica
1262 1524 1360 1588 huius

244 1653 345 1734 operis
372 1651 495 1736 origine
517 1651 596 1713 nihil
621 1651 698 1714 certi
721 1649 880 1713 affirmare
904 1649 1014 1712 audeo.
1041 1648 1122 1712 Nam
1146 1652 1219 1734 quis
1243 1650 1360 1714 discer-

243 1797 318 1843 nere
347 1783 461 1862 potest,
493 1783 602 1842 utrum
626 1775 799 1858 Lucienus,
822 1796 895 1840 cum
919 1775 1101 1840 Promethei
1123 1775 1265 1840 fabulam
1288 1777 1359 1841 refi-

243 1911 335 1988 ceret,
358 1906 554 1970 comoediam
575 1904 794 1988 paroediaoam
818 1923 858 1966 an
883 1904 1013 1966 satiram
1038 1902 1238 1986 Menippeam
1262 1904 1360 1987 (apud

243 2031 419 2095 Varronem
462 2032 546 2094 inter
578 2028 747 2112 Menippea
780 2029 946 2092 invenitur
984 2027 1212 2109 ,Prometheus
1247 2027 1358 2109 liber'')
1388 2047 1393 2056 ·

244 2163 373 2221 secutus
408 2158 457 2238 sit,
491 2155 542 2220 vel
570 2157 678 2240 potius
709 2173 726 2218 e
753 2173 811 2218 suo
835 2155 964 2238 ingenio
989 2155 1205 2235 Aeschyleum
1229 2154 1358 2219 Prome·

245 2283 352 2347 theam
376 2285 410 2346 in
433 2285 535 2347 risum
558 2283 730 2345 vocaverit.

286 2408 358 2472 VH.
381 2407 495 2491 Neque
518 2408 636 2471 certius
652 2407 815 2489 judicium
837 2406 876 2470 de
896 2404 1034 2470 Deorum
1057 2407 1207 2471 Coacioac
1219 2407 1359 2491 proferre

243 2553 386 2618 possum,
421 2534 496 2617 quia
530 2536 757 2616 argumentum
790 2531 976 2614 Euphronis
1007 2531 1133 2596 fabulae
1164 2535 1242 2594 Θεῶν
1265 2529 1359 2612 ayaa

244 2661 283 2725 ad
303 2663 391 2725 rixas
411 2662 617 2743 antiquorum
638 2660 814 2722 numinum
836 2677 911 2722 cum
936 2658 1003 2721 deis
1023 2660 1199 2742 peregrinis
1211 2678 1359 2723 revocare

243 2786 335 2850 nobis
369 2805 435 2849 non
469 2786 609 2869 amplius
639 2785 720 2848 licet.
753 2784 784 2847 A
812 2783 977 2847 comoedia
1000 2789 1107 2848 tamen
1129 2784 1200 2848 illas
1225 2785 1359 2848 deorum

243 2933 367 2997 pugnas
399 2931 424 2976 e.
447 2931 476 2996 g.
511 2913 620 2974 contra
654 2908 825 2972 Sabazium
859 2913 974 2992 gestas,
1010 2928 1075 2972 non
1110 2908 1230 2973 alienas
1261 2908 1361 2972 fuisse

244 3042 377 3103 testatur
403 3036 513 3101 fabula
546 3035 787 3119 Aristophanea,
822 3036 877 3097 cui
910 3053 1030 3098 nomen
1065 3037 1113 3098 est
1145 3029 1243 3113 Ὧραι
1259 3030 1290 3116 1).
1315 3034 1362 3096 At

244 3163 414 3248 Menippus
448 3164 596 3226 satiricus
626 3160 759 3224 fortasse
784 3165 906 3244 partem
935 3159 1079 3224 Deorum
1105 3158 1274 3223 concionis
1299 3159 1361 3224 sibi

244 3292 405 3355 vindicare
437 3293 549 3374 potest,
585 3289 661 3371 quia
694 3292 803 3352 noster
838 3288 982 3371 dialogus
1013 3306 1089 3350 oum
1122 3285 1248 3350 duobus
1280 3286 1363 3367 altis,

245 3419 317 3499 qui,
335 3415 488 3498 Cynicam
525 3415 700 3477 doctrinam
736 3414 866 3497 spirant,
902 3414 1093 3494 conjunctus
1124 3431 1193 3476 esse
1225 3413 1363 3477 videtur.

244 3541 331 3606 Inter
361 3561 455 3626 opera
486 3543 571 3605 enim
596 3540 730 3604 Luciani
754 3544 900 3622 superest
922 3537 1052 3618 matter
1079 3537 1281 3619 Oaafutatus,
1304 3538 1362 3602 abi

246 3667 402 3750 Cyniscus
433 3668 566 3732 deorum
592 3672 783 3751 potestatem
816 3686 949 3750 prorsus
972 3665 1096 3730 nullam
1120 3683 1190 3729 esse
1215 3664 1362 3748 ostendit,

246 3796 329 3878 quia,
352 3813 441 3878 quae
456 3793 572 3857 Fatum
593 3798 624 3857 et
646 3793 765 3856 Parcae
784 3792 966 3874 voluerunt,
986 3796 1153 3874 tamquam
1167 3791 1362 3873 apparitores
1388 3777 1390 3782 ’

244 3920 423 4004 perficiunt.
457 3920 552 3984 Unde
586 3920 734 3984 homines
767 3919 965 4002 ignorantiae
995 3936 1064 3982 esse
1094 3917 1300 3999 accusandos,
1333 3917 1361 3980 si

247 4115 391 4124 ———-

277 4221 304 4286 ¹1)
332 4221 382 4272 Cic
405 4222 436 4271 de
452 4223 499 4286 leg.
518 4221 551 4284 ll,
567 4218 609 4270 37.
626 4219 711 4270 Nouos
727 4220 788 4269 deos
803 4219 840 4268 sic
858 4217 1041 4282 Aristophanes
1059 4219 1140 4278 vexat,
1158 4211 1190 4265 u't
1205 4213 1273 4280 apud
1290 4227 1352 4266 eum

244 4313 365 4365 Sahazirm
378 4318 405 4364 et
421 4313 527 4380 quidam
543 4312 587 4362 alii
603 4312 638 4362 dii
658 4311 785 4378 peregrini
803 4310 911 4361 iudicati
928 4325 943 4360 e
960 4309 1064 4360 civitate
1080 4307 1227 4372 ejiciantur.
