3328 5234
777 592 819 655 89

238 803 373 867 nondam
412 805 463 886 (8),
498 799 668 882 φιλοδόξους
701 804 767 884 (10)
801 808 832 868 et
867 801 1080 883 Φιλοπλούτους
1112 806 1177 887 (11)
1212 807 1355 872 insaniae

238 930 434 994 accusandos
459 949 529 994 esse
547 932 679 994 invenit.
700 929 924 1015 Sepulororum
947 930 1234 996 deindeluxuriem
1248 951 1356 1016 asper-

236 1060 330 1119 natus
364 1055 403 1118 ad
437 1055 555 1119 inferos
587 1055 689 1120 redire
721 1059 818 1140 cupit,
843 1058 918 1140 quia
944 1056 1092 1120 mortales
1116 1057 1222 1120 omnia
1247 1058 1354 1120 animo

237 1199 345 1244 secum
370 1181 513 1263 volvunt,
537 1180 597 1261 περὶ
623 1179 751 1261 Χαίρωνος
774 1181 800 1245 δ’
825 1181 916 1254 οὐδεὶς
940 1180 1026 1260 λόγος
1049 1181 1136 1247 ἐστίν.
1229 1218 1231 1226 ·

282 1306 335 1370 Vl.
369 1307 409 1370 In
442 1307 583 1390 Navigio,
619 1308 674 1372 ubi
704 1311 809 1392 priore
841 1310 958 1394 dialogi
989 1316 1078 1394 parte
1101 1312 1192 1374 navis
1213 1312 1357 1374 oneraria

238 1438 269 1497 et
293 1433 396 1497 Piraei
420 1436 569 1498 nauticus
594 1437 745 1518 strepitus
769 1436 852 1498 vivis
872 1435 1031 1501 coloribus
1051 1436 1277 1519 depinguntur,
1291 1441 1356 1500 tres
1387 1469 1389 1472 ·

238 1561 330 1623 amici
365 1560 557 1625 Adimantus
594 1561 760 1644 (lo-28),
795 1560 965 1646 Samippus
998 1564 1163 1644 (ae-41),
1192 1561 1356 1626 Timolaus

238 1686 391 1765 (41-45)
426 1706 550 1769 semper
586 1688 672 1770 quod
708 1688 805 1769 abest,
839 1693 943 1770 avent,
978 1689 1156 1772 praesentia
1188 1693 1355 1766 temnunt3

239 1808 382 1875 Lucinas
405 1817 522 1895 autem,
545 1814 601 1897 qui
624 1813 827 1878 familiarium
852 1816 1040 1899 cupiditates
1060 1816 1168 1897 jocose
1188 1816 1358 1899 vituperat,

239 1938 345 2017 cynici
369 1942 475 2021 partes
498 1940 572 2023 agit.

284 2064 366 2141 Quid
402 2086 477 2130 vero
509 2067 548 2131 de
579 2069 702 2151 origine
732 2065 889 2132 Charonis
920 2073 951 2132 et
973 2067 1110 2152 Navigii‚
1135 2067 1189 2132 ubi
1213 2067 1356 2131 doctrina

241 2189 360 2272 Cynica
404 2211 505 2275 aeque
546 2212 582 2256 ao
620 2195 654 2255 in
686 2192 949 2276 praecedentibus
983 2193 1072 2257 libris
1107 2193 1356 2273 commendatur,

240 2318 430 2382 concludere
453 2317 551 2382 licet?

283 2442 428 2508 Fortasse
460 2443 583 2508 Charon
608 2445 646 2508 ad
671 2445 831 2528 quoddam
856 2444 999 2528 Menippi
1022 2445 1205 2529 exemplum
1229 2464 1355 2529 compo-

241 2570 322 2633 situs
358 2575 415 2654 est,
452 2572 507 2653 qui
539 2575 603 2634 tam
636 2589 728 2654 saepe
757 2569 881 2634 fabulas
912 2570 1022 2635 adeis
1046 2570 1155 2634 inferis
1180 2572 1231 2654 agi
1254 2571 1357 2654 finxit,

241 2695 294 2758 sed
320 2698 397 2778 quia
420 2696 611 2775 documenta
634 2697 758 2779 desunt,
782 2697 869 2761 litem
895 2697 1041 2760 dirimere
1064 2716 1128 2760 non
1142 2697 1251 2761 audeo.
1265 2696 1358 2772 Quod

240 2840 313 2885 vero
344 2823 384 2886 ad
415 2822 588 2907 Navigium
621 2825 765 2906 pertinet,
797 2823 902 2887 Piraei
931 2824 1099 2907 descriptio
1123 2829 1218 2906 atque
1240 2823 1359 2908 dialogi

240 2947 326 3010 color
349 2953 472 3012 tantum
497 2969 515 3012 a
537 2949 800 3033 praecedentibus
825 2950 1014 3032 discrepant,
1037 2954 1073 3013 ut
1095 2970 1113 3013 a
1133 2948 1275 3014 Luoiano
1288 2952 1357 3033 ipso

244 3076 457 3158 excogitatum
483 3095 553 3140 esse
577 3076 654 3138 mihi
679 3075 850 3139 verisimile
875 3076 1028 3139 videatur.

283 3199 415 3264 Ratione
445 3203 544 3285 igitur
573 3202 738 3284 subducta,
770 3201 911 3285 Cronica,
934 3202 1118 3287 Menippum
1144 3205 1212 3267 sive
1235 3202 1359 3284 Necyo-

241 3327 401 3407 mantiam‚
425 3327 566 3412 dialogos
589 3327 799 3409 Mortuerum,
824 3329 1058 3394 Hermotimum
1081 3349 1098 3394 e
1119 3331 1226 3398 satiris
1236 3329 1357 3412 Menip-

239 3453 307 3532 peis
342 3453 495 3535 originem
529 3455 665 3517 traxisse
701 3453 811 3533 credo;
845 3453 958 3518 Jovem
987 3459 1093 3517 tamen
1117 3453 1320 3518 Confutatum
1337 3454 1359 3530 ¹)

240 3576 348 3657 (simul
380 3597 452 3641 oum
485 3577 624 3643 Deorum
658 3580 817 3645 Conoione
849 3601 867 3644 a
898 3600 948 3644 me
971 3584 1159 3662 tractatum),
1183 3579 1356 3645 Charonem

241 3709 271 3764 et
304 3702 486 3800 Nauigium,
521 3705 595 3770 licet
626 3706 819 3788 Cynicorum
847 3677 1028 3770 'doctrinam
1061 3708 1191 3791 spirent,
1215 3709 1253 3772 ad
1277 3709 1359 3790 ejus-

242 3828 310 3892 dem
348 3832 463 3894 satirici
501 3833 684 3916 exemplum
720 3831 912 3916 compositos
945 3853 1015 3898 esse
1046 3853 1112 3896 non
1136 3835 1273 3918 amplius
1297 3841 1359 3898 sta-

242 3961 329 4020 tuere
352 3957 434 4020 licet.

167 4345 171 4352 '
279 4346 307 4412 1)
326 4349 371 4398 cir.
388 4347 462 4413 p..79
478 4365 550 4401 meae
567 4351 627 4401 diss.
