3310 5242
848 605 891 667 32

347 812 604 898 Disputationem
635 815 787 898 incipiam
819 834 837 877 a
860 813 966 880 Marco
989 815 1133 899 Aurelio,
1158 817 1215 900 qui
1239 817 1278 882 de
1304 819 1421 883 misera

304 939 473 1004 hominum
490 923 674 1004 ¹conditione
696 940 742 1003 sic
762 940 955 1004 lamentatus
975 945 1038 1005 est:
1061 938 1134 1017 μάπι
1149 943 1198 1003 νῦν
1216 939 1424 1021 παρακάθηται

303 1071 340 1144 πῇ
360 1068 412 1128 τοῦ
430 1063 522 1144 κυρίου
538 1066 606 1144 σορῷ
620 1061 747 1128 Πάνθεια
759 1062 775 1139 ἢ
790 1064 967 1143 Πέργαμος;
979 1065 1011 1130 ον’
1020 1065 1060 1137 δὲ,
1074 1073 1110 1146 τῇ
1124 1065 1275 1147 Ἀδριανοῦ
1287 1066 1423 1148 Χαβρίας

303 1185 320 1261 ἢ
352 1186 504 1266 hedriacum
529 1195 650 1266 γελοῖον.
674 1189 705 1253 πί
725 1190 766 1262 δὲ,
791 1190 816 1253 εἰ
838 1188 1046 1271 παρεκάθηντο,
1070 1186 1193 1268 ἔμελλον
1217 1189 1421 1268 αἰοθάνεοθαι;

305 1313 335 1377 ‘rt'
363 1314 403 1386 δὲ,
431 1314 454 1377 εἰ
478 1311 640 1395 ᾐσθάνοντο,
665 1311 788 1392 ἔμελλον
811 1315 983 1389 ἡοθάοεοθαι
998 1363 1025 1378 ..
1042 1367 1048 1382 .
1064 1363 1094 1382 ..
1119 1315 1226 1398 γράπις
1249 1320 1309 1381 πάν
1333 1321 1420 1382 τοῦτο

304 1439 356 1502 καὶ
379 1437 475 1518 λύθρον
498 1440 527 1503 ἐν
551 1438 675 1521 θυλάκῳ.
699 1440 793 1505 Unde
816 1441 992 1506 Pantheam
1017 1461 1092 1526 erga
1112 1444 1294 1527 dominum,
1315 1443 1423 1527 quoad

303 1566 358 1630 ille
392 1567 528 1650 vivebat,
562 1568 689 1633 fidelem
726 1568 835 1652 fuisse,
857 1573 928 1653 post
951 1571 1019 1633 eius
1044 1574 1179 1634 mortem
1205 1590 1270 1634 non
1295 1589 1424 1653 semper

303 1693 427 1757 luxisse
461 1698 599 1778 apparet,
633 1713 739 1778 neque
762 1693 891 1758 Marcus
916 1713 987 1758 eam
1012 1697 1181 1758 nominare
1204 1700 1335 1779 poterat,
1358 1695 1425 1760 nisi

303 1820 367 1884 illis
390 1821 590 1905 temporibus
615 1823 705 1907 quasi
729 1822 855 1905 pietatis
880 1821 1068 1905 exemplum
1093 1823 1221 1905 cognita
1242 1819 1364 1885 fuisset

345 1944 442 2009 Nunc
465 1946 505 2009 ad
529 1943 707 2009 [rubianum
730 1952 940 2029 revertamur,
964 1947 1020 2030 qui
1040 1945 1238 2030 (imaginum
1261 1947 1364 2030 initio)
1385 1948 1423 2010 in

303 2071 410 2156 aliqua
432 2072 529 2136 Asiae
538 2074 560 2153 ¹)
584 2071 662 2136 urbe
685 2077 857 2136 venustam
881 2070 1047 2154 feminam,
1061 2091 1160 2155 quam
1176 2070 1422 2155 magnasatelh'-

303 2202 375 2261 tum
410 2203 534 2263 caterva
567 2198 786 2281 comitabatur,
810 2199 986 2262 sevidisse
1010 2198 1094 2261 dicit.
1117 2198 1244 2281 Amico,
1269 2197 1416 2262 mulieris

302 2343 422 2390 nomen
442 2327 625 2408 sciscitanti,
644 2326 806 2410 respondit
818 2323 970 2401 άμάνομος
982 2321 1039 2403 γάρ
1051 2324 1112 2387 εὀπι
1123 2331 1159 2403 πῇ
1173 2325 1222 2386 ποῦ
1234 2320 1417 2402 Ἀβραδάτα

303 2450 391 2529 turim
424 2459 459 2532 πῇ
491 2460 578 2533 καλῇ.
611 2445 691 2515 οἷοθα
713 2449 857 2521 πολλάκις
881 2447 1009 2521 άκοάοας
1032 2451 1211 2528 Ξενοφῶντος
1236 2449 1419 2519 ἐπαινοῦντος

303 2577 369 2641 τινά
399 2578 532 2660 σώφρονα
562 2576 615 2642 καὶ
640 2577 735 2652 καλθρν
757 2580 974 2658 γοναῖκα(10).
999 2577 1051 2641 Ex
1078 2576 1271 2660 Cyropaedia
1297 2576 1363 2659 (VI.
1388 2578 1421 2659 4)

304 2710 413 2769 autern
445 2706 601 2770 discimus
620 2725 756 2771 uxorem
776 2692 957 2769 Abradatae
974 2703 1074 2767 fuisse
1093 2702 1269 2767 Pantheam
1292 2707 1423 2787 propter

303 2849 445 2894 amorem
470 2849 545 2914 erga
569 2831 723 2894 maritum
748 2851 767 2894 a
791 2829 1004 2916 Xenophonte
1029 2827 1201 2891 laudatam.

348 2952 439 3018 Ultro
475 2973 508 3018 se
542 2953 632 3018 offert
669 2956 824 3039 quaestio,
858 2960 967 3019 utrum
994 2952 1056 3018 sub
1081 2953 1131 3017 his
1154 2951 1260 3017 verbis
1281 2951 1354 3016 ficta
1379 2973 1421 3016 an

304 3099 380 3145 vera
398 3100 532 3164 persona
554 3081 656 3145 lateat.
680 3082 846 3146 Adeamus
869 3082 978 3164 ipsum
1001 3080 1183 3145 Lucianum
1208 3085 1240 3145 et
1261 3098 1424 3164 rogemus,

304 3227 385 3271 num
409 3209 443 3271 in
466 3207 536 3272 odiis
561 3228 689 3292 quoque
713 3208 862 3292 operibus
876 3207 988 3271 eodem
1005 3206 1101 3269 modo
1114 3207 1264 3290 aequales
1277 3207 1423 3292 designa-

305 3335 394 3398 verit.
416 3333 530 3419 Neque
552 3334 671 3398 frustra
694 3335 855 3418 quaesivi:
879 3335 914 3397 in
937 3332 1001 3398 fine
1026 3333 1153 3417 dialogi,
1177 3334 1232 3416 qui
1244 3333 1423 3399 Rhetorum

303 3461 492 3547 Praeceptor
533 3460 731 3544 inscribitur,
765 3462 877 3526 eadem
914 3461 1148 3543 circumitione,
1182 3465 1219 3525 ut
1253 3461 1418 3544 aequalem

303 3589 523 3653 adversarium
548 3586 749 3672 significaret,
773 3606 852 3652 usus
878 3591 935 3670 est,
955 3587 1012 3651 ubi
1032 3587 1085 3651 ille
1105 3587 1259 3652 inimicus
1271 3585 1423 3663 ὁμώνυμος

303 3712 395 3778 Jovis
419 3719 451 3779 et
472 3712 575 3778 Ledae
598 3716 707 3797 pueris
729 3718 869 3778 vocatur.
894 3712 983 3777 Nihil
1005 3732 1079 3798 ergo
1104 3712 1227 3797 obstat,
1244 3713 1423 3796 quominus

304 3838 481 3905 Pantheum
505 3859 619 3906 verum
642 3841 782 3906 feminae
805 3859 923 3904 nomen
949 3839 1049 3904 fuisse
1073 3844 1236 3922 putemus.

306 4091 450 4106 *aad

337 4272 365 4342 h)
383 4276 531 4329 Secundum
549 4273 685 4328 Rothstein
701 4278 736 4342 (p.
751 4271 812 4342 tta)
824 4272 990 4341 dntiochiaa,
1006 4271 1378 4339 secundumFriedlaenderts.
1388 4269 1424 4330 G.

305 4365 326 4431 1.
341 4369 366 4435 h,
381 4367 424 4434 at)
442 4369 566 4438 Smyrnae
585 4369 728 4422 Pantheum
745 4370 810 4421 vidit
826 4368 963 4420 Lucienus.
