3328 5234
777 555 839 620 103

292 765 395 829 Aliud
418 766 532 831 vitium
554 767 792 832 Antoninorum
805 769 913 833 seculo
927 769 1136 855 divulgatum,
1150 773 1289 837 nimium
1303 773 1373 837 dico
1477 858 1479 862 .

249 890 463 956 obsoletarum
475 893 674 957 locutionum
688 894 840 978 studium,
852 897 886 959 in
898 897 998 961 nsum
1007 901 1141 981 vocavit,
1152 919 1226 963 cum
1237 901 1270 963 in
1279 899 1372 964 Leai-

246 1015 352 1098 phoae
371 1020 511 1083 convivii
531 1019 774 1105 descriptionem
794 1024 1045 1108 totamepriscis
1057 1024 1163 1090 vorbis
1182 1027 1372 1091 construxit.

291 1144 330 1208 In
366 1143 537 1209 Rhetorcm
570 1145 771 1230 Praeceptoris
804 1149 950 1234 denique,
985 1153 1093 1215 omnia
1127 1157 1264 1236 peccata,
1289 1172 1371 1237 quae

245 1271 460 1354 sophistarum
481 1272 587 1336 studia
606 1272 782 1337 deformare
802 1274 953 1358 solebant,
973 1278 1160 1362 complexus
1178 1281 1368 1364 magistrum

247 1396 417 1479 quemdam
440 1401 537 1460 totam
562 1397 749 1462 rhetoricam
774 1399 974 1483 disciplinam
994 1421 1078 1466 novo
1099 1403 1257 1488 discipulo
1270 1422 1368 1489 expo-

245 1528 374 1587 nentem
395 1521 496 1608 fingit.

290 1649 333 1713 At
368 1649 536 1733 paululum
567 1649 619 1713 hic
643 1648 867 1733 subsistamus,
889 1656 935 1735 ut,
960 1672 1023 1737 quo
1047 1657 1189 1738 tempore
1211 1654 1266 1720 ille
1287 1654 1369 1720 liber

245 1776 382 1859 scriptus
409 1778 460 1858 sit,
490 1795 547 1859 pro
578 1780 663 1840 certo
692 1781 830 1843 statuere
853 1797 1013 1844 conemur.
1035 1779 1146 1844 Statim
1171 1787 1244 1865 post
1265 1782 1368 1846 rhato-

246 1903 343 1964 ricam
368 1908 467 1965 artem
492 1921 510 1964 a
532 1899 673 1965 Luciano
697 1902 853 1967 desertam
875 1905 895 1966 i.
908 1905 934 1968 e'.
958 1905 1040 1967 circa
1061 1925 1182 1970 annum
1204 1906 1267 1968 165
1288 1926 1368 1990 opus

246 2029 458 2110 compositum
482 2045 552 2092 esse
575 2026 711 2092 efficitur
734 2046 752 2091 e
774 2027 891 2111 verbis,
914 2029 971 2094 ubi
993 2029 1033 2094 de
1056 2049 1090 2095 se
1113 2031 1183 2115 ipso
1204 2031 1365 2115 loquitur:

248 2153 315 2237 (26)
347 2154 405 2232 ἐγὼ
437 2153 468 2217 δὲ
498 2152 653 2231 ποούοομοοι
683 2161 719 2234 πῇ
749 2157 876 2235 ῥητορικῇ
900 2153 1094 2259 ἕπιπολύζυν,
1117 2161 1234 2234 μᾶλλον
1258 2156 1289 2220 δὲ
1312 2154 1365 2230 ἤδη

246 2279 414 2358 πέποιυρυονι.
451 2280 540 2358 Quae
574 2283 682 2366 opinio
716 2301 753 2346 eo
787 2283 927 2366 fulcitur,
963 2285 1049 2368 quod
1082 2283 1156 2348 libri
1179 2287 1365 2369 compositio

246 2426 320 2472 cum
349 2407 572 2493 Fugitivorum
603 2395 787 2474 oeconomia
817 2410 1028 2494 comparanda
1049 2410 1128 2474 mihi
1150 2410 1287 2494 videtur,
1308 2410 1366 2476 ubi

245 2538 348 2621 priore
384 2535 499 2621 dialogi
532 2540 621 2620 parte
655 2554 765 2600 omnes
801 2537 931 2618 cynicos
964 2537 1106 2620 lacerari,
1140 2537 1174 2600 in
1207 2534 1272 2600 fine
1301 2541 1365 2602 tres

187 2723 191 2732 .
245 2661 394 2746 aequales
419 2663 511 2745 quasi
533 2681 641 2727 servos
665 2661 858 2746 deprehendi
879 2662 1030 2726 vidimus.
1052 2661 1091 2725 In
1114 2667 1223 2726 nostro
1246 2661 1363 2727 Rheto-

244 2806 317 2852 rum
339 2786 547 2872 Praeceptore
571 2805 674 2871 usque
694 2788 734 2851 ad
753 2788 834 2852 duas
854 2787 983 2852 ultimas
995 2788 1208 2872 paragraphos
1220 2790 1364 2853 omnium

245 2913 459 2997 sophistarum
484 2913 651 2997 disciplina
674 2913 852 2994 deridetur3
876 2915 912 2976 in
929 2913 994 2977 fine
1017 2915 1132 2979 satirae
1152 2915 1281 2998 quidam
1301 2913 1364 2979 Lu·

244 3040 328 3102 ciani
350 3019 501 3103 inimicus
525 3044 631 3122 aperte
654 3044 685 3104 et
706 3038 916 3104 inclementer
938 3038 1131 3123 objurgatur.
1153 3037 1235 3115 Quia
1254 3045 1362 3106 autem

244 3165 306 3230 sub
329 3165 386 3229 illo
409 3167 541 3229 inimico
563 3165 672 3230 Julius
694 3165 824 3248 Pollux,
848 3167 905 3250 qui
929 3164 1107 3230 Commodo
1129 3173 1283 3250 regnante
1305 3167 1362 3231 flo-
1386 3151 1388 3158 ’

243 3293 318 3374 ruit,
348 3292 426 3354 viris
455 3291 556 3354 doctis
570 3289 592 3373 1)
615 3292 712 3355 latere
734 3291 869 3374 videtur,
891 3295 998 3355 noster
1021 3290 1103 3356 liber
1125 3292 1165 3355 ad
1187 3294 1363 3375 posteriora

243 3420 388 3501 tempora
417 3415 524 3480 referri
557 3415 644 3480 solet
675 3416 828 3480 Attamen
860 3435 924 3499 quo
954 3421 1144 3500 argumento
1170 3417 1286 3480 nititur
1308 3416 1363 3481 illa

243 3545 434 3626 conjectura,
453 3543 520 3625 jam
535 3541 753 3624 aByzantinis
767 3543 791 3626 Β)
804 3548 1065 3626 commemorata,
1079 3544 1117 3608 de
1128 3543 1149 3607 J
1152 3543 1216 3607 ulio
1227 3541 1360 3608 Polluce

243 3697 388 3706 ...—

274 3777 372 3842 lpcfr.
390 3777 487 3836 Rohde,
504 3776 605 3828 Griech.
623 3777 732 3841 Roman,
751 3792 775 3841 p.
792 3775 850 3826 317.

342 3905 356 3936 „
388 3869 508 3932 sichard,
527 3869 609 3920 Ueber
626 3869 666 3918 die
683 3868 857 3918 Lucinusdial.
874 3867 992 3927 Lucians,
1009 3882 1035 3933 p.
1051 3866 1075 3919 3.

275 3959 302 4022 2)
321 3961 405 4012 Schol.
430 3961 461 4010 ad
487 3961 526 4012 tit.
552 3961 623 4012 libri:
654 3960 735 4022 φασὶν,
761 3959 794 4016 εἰς
817 3958 959 4018 Πολυδεύκη
981 3961 1022 4008 πδκ
1044 3960 1221 4028 ὀνοματολόγοι
1238 3959 1349 4010 ἀποπεικο

242 4069 309 4114 μενον
336 4053 466 4102 Λουκιοινδν
490 4055 574 4101 τοῦτον
600 4051 693 4114 γράψαι
722 4052 763 4100 πδν
788 4055 862 4113 λόγον
889 4049 932 4099 κοιδ
953 4049 1011 4107 ’ἴσως
1035 4049 1077 4099 οὐκ
1102 4051 1153 4100 ἀπὸ
1170 4053 1261 4099 σκοποῦ
1279 4054 1361 4100 ποιύποι
1418 4084 1423 4094 ·

240 4141 336 4204 ἐύρκποοι,
356 4141 410 4192 ἐπεὶ
425 4143 465 4192 καὶ
483 4146 608 4205 συγχρόνιυ
626 4141 700 4206 detero
718 4140 757 4191 ἐπὶ
776 4143 871 4203 Μούρκου
888 4145 933 4191 πού
951 4141 1132 4203 Αὐτοκράτορος.

274 4236 313 4286 Ad
341 4235 395 4302 §el
421 4236 494 4297 alius,
519 4241 550 4286 ut
575 4236 641 4286 mihi
668 4235 780 4298 videtur,
805 4235 940 4286 scholiasta
958 4235 1057 4286 scribit:
1077 4233 1179 4283 ἐντεῦθεν
1196 4233 1358 4295 ἀναντίρρητον

244 4326 287 4386 ἤδη
305 4329 335 4386 ὡς
353 4325 495 4386 Πολυδεύκη
512 4327 613 4388 διασύρει
631 4327 644 4376 ὅ
661 4330 737 4387 ποιρδιν
755 4332 837 4390 λόγος.
