3310 5242
849 599 891 661 14

307 809 392 874 obiit.
415 809 509 874 Unde
531 807 757 875 Demonactem
777 812 911 894 eiusque
931 812 1097 895 aequalem
1116 812 1294 877 lucianum
1316 812 1422 877 medio

306 935 372 1000 fere
395 937 521 1001 saeculo
544 937 683 1000 secundo
707 937 855 1002 floruisse
879 942 972 1022 patet.

351 1060 497 1126 Secundo
532 1061 602 1125 loco
636 1061 770 1127 Photius
805 1063 989 1127 Patriarcba
1024 1064 1232 1146 (Bibliotheca
1255 1066 1322 1129 cod.
1347 1066 1423 1147 128)

307 1185 516 1272 proferendus
550 1193 607 1271 ost,
641 1189 734 1253 cuius
765 1189 924 1271 judicium
958 1190 996 1254 de
1030 1188 1163 1254 Luciani
1196 1210 1312 1275 genere
1347 1192 1424 1256 scri·
1492 1181 1496 1187 ’

306 1313 403 1378 beudi
438 1351 479 1360 —
514 1333 588 1378 nam
619 1314 658 1379 de
689 1318 840 1398 tempore,
874 1335 937 1399 quc
969 1315 1022 1379 ille
1052 1316 1145 1399 vixit,
1178 1320 1262 1382 tacet
1292 1354 1333 1363 —
1359 1323 1421 1382 tam

306 1439 423 1503 fucatis
458 1444 488 1504 et
523 1439 667 1504 obscuris
702 1440 809 1505 verbis
833 1445 881 1505 est
903 1445 1101 1524 conceptum,
1126 1446 1162 1504 ut
1187 1441 1278 1506 nobis
1303 1439 1423 1525 Oedipo

309 1565 447 1648 quodam
482 1583 563 1649 opus
598 1567 648 1648 sit,
683 1566 720 1648 si,
752 1566 829 1648 quid
860 1565 964 1630 bonus
987 1565 1171 1629 Patriarcha
1194 1565 1255 1630 sibi
1277 1566 1427 1648 voluerit,

307 1691 507 1774 interpretari
535 1710 697 1755 conemur.
779 1761 781 1767 ,

352 1814 548 1898 Supersedeo
578 1816 676 1899 igitur
707 1817 814 1879 omnia
843 1815 922 1880 haec
954 1816 1050 1881 verba
1072 1817 1219 1901 religiose
1244 1818 1424 1882 exscribere

307 1940 374 2019 (cfr.
407 1939 593 2006 Dindorfius
623 1943 658 2005 in
688 1940 772 2005 Prol.
801 1941 877 2007 Luc.
907 1962 937 2026 p.
971 1945 1012 2025 5),
1042 1943 1098 2007 sed
1122 1943 1201 2007 duas
1225 1948 1350 2008 tantum
1373 1963 1424 2009 res

306 2068 470 2152 attingam,
494 2087 575 2151 quae
599 2067 749 2132 Photium
773 2088 850 2132 sano
875 2087 974 2133 sensu
998 2089 1063 2132 non
1086 2071 1226 2134 caruisse
1239 2065 1439 2136 ostendunt'

308 2195 404 2259 Putat
439 2200 470 2259 et
502 2201 586 2260 recte
620 2199 713 2279 putat
746 2192 926 2258 Lucienum
961 2215 1062 2258 unum
1098 2214 1139 2259 ex
1172 2197 1213 2260 iis
1235 2196 1345 2278 fuisse,
1369 2198 1427 2279 qui

309 2319 400 2396 μηδὲν
434 2317 506 2391 ὅλως
539 2317 737 2402 πρεσβεύουσι,
771 2322 864 2384 cuius
893 2320 1007 2402 judicii
1038 2322 1162 2384 utinam
1194 2323 1295 2386 nostri
1325 2322 1426 2386 seculi

308 2447 462 2530 philologi
481 2464 634 2511 memores
653 2446 798 2524 fuissent,
818 2447 874 2529 qui
893 2445 1070 2510 Lucianum
1088 2447 1140 2510 vel
1151 2446 1362 2531 Platonicum,
1374 2449 1427 2512 vel

309 2571 474 2653 Cynicum,
500 2572 552 2636 vel
575 2570 764 2654 Scepticum,
785 2572 837 2636 vel
860 2571 1054 2655 Epicureum
1077 2572 1177 2636 fuisse
1205 2573 1426 2656 opinabantur.

354 2697 446 2774 Quod
477 2698 590 2762 deinde
613 2698 652 2762 de
676 2717 809 2762 numero
834 2699 970 2767 oratorio
994 2698 1081 2782 apud
1103 2695 1282 2763 Lucienum
1305 2700 1427 2782 perspi·

309 2843 369 2888 cuo
409 2824 502 2905 dixit,
543 2822 666 2887 Koclrio
702 2823 887 2887 dissuadere
922 2821 1064 2905 debebat,
1098 2842 1139 2887 ne
1174 2827 1262 2886 tanta
1296 2821 1429 2887 audacia

308 2951 410 3034 poetis
442 2950 570 3013 comicis
591 2948 768 3032 fragmenta
793 2967 810 3011 e
833 2953 942 3012 nostro
967 2949 1092 3012 satirico
1115 2949 1214 3031 petita
1236 2947 1428 3013 obtruderet.

308 3078 443 3142 Photius
474 3077 559 3140 enim
592 3076 631 3139 de
662 3074 796 3139 Luciani
825 3095 919 3158 prosa
951 3076 1093 3139 oratione
1116 3075 1277 3158 loquitur:
1302 3071 1426 3147 συνθήκη

309 3227 343 3266 τε
373 3202 452 3282 αὐτῷ
483 3199 570 3272 οὕτως
601 3195 752 3282 ἥρμοσται,
784 3197 858 3263 ὥστε
890 3199 982 3263 δοκεῖν
1015 3200 1062 3263 τὸν
1094 3198 1352 3277 ἀναγιγνώσκοντα
1384 3198 1427 3275 μη

310 3332 414 3408 λόγους
444 3327 539 3407 λέγειν
566 3327 649 3391 ἄλλα
671 3325 761 3405 μέλος
787 3349 814 3390 σι
837 3328 953 3407 τερπνὸν
976 3324 1067 3406 χωρὶς
1091 3326 1243 3406 ἐμφανοῦς
1268 3323 1342 3405 ςὀδῆς
1365 3330 1426 3396 τοῖς

309 3455 377 3535 ὠσὶν
401 3451 611 3532 ἕνασοσσοέζειν
635 3457 691 3516 τῶν
717 3451 873 3533 ἀκροατῶν.

354 3581 428 3646 Huc
440 3586 598 3666 postremo
610 3580 730 3644 accedit
742 3581 961 3644 testimonium
973 3577 1274 3648 Suidaezilovmavbc
1283 3586 1429 3654 Σαμοσα-

313 3709 379 3781 τεὺς
410 3706 423 3771 ὃ
456 3705 618 3780 ἐπικληθεὶς
641 3705 829 3788 βλάσφημος
851 3704 867 3779 l
889 3704 1056 3787 δύσφημος,
1081 3701 1127 3768 ὅτι
1150 3694 1178 3768 ἐν
1201 3711 1263 3776 τοῖς
1286 3703 1432 3781 διαλόγοις

314 3835 405 3898 αὐτοῦ
427 3839 530 3911 γελοῖα
552 3826 622 3896 εἶναι
647 3833 697 3898 καὶ
723 3831 849 3913 καὶπερὶ
874 3835 929 3895 τῶν
953 3830 1031 3895 θείαν
1054 3828 1187 3910 εἰρημένα
1211 3828 1384 3894 ὑποτίθεται.

357 3959 460 4040 γέγονε
493 3959 524 4023 δὲ
560 3957 609 4022 ἐπὶ
640 3963 690 4024 τοῦ
722 3958 863 4040 Καίσαρος
896 3960 1041 4039 Τραιανοῦ
1072 3955 1123 4021 καὶ
1155 3955 1300 4021 ἐπέκεινα.
1335 3950 1368 4030 ἦν
1399 3953 1431 4019 δὲ

315 4080 395 4159 οὗτος
418 4087 451 4150 νδ
476 4084 541 4166 πρὶν
562 4083 707 4166 δικηγόρος
726 4086 755 4149 ἕν
773 4084 942 4166 Ἀντιοχείρι
964 4091 1017 4158 τῆς
1037 4082 1154 4167 Συρίας,
1173 4082 1386 4164 δνσοιραγησας
1398 4080 1425 4144 δ’

315 4217 344 4280 ἐν
367 4213 459 4294 τούτῳ
481 4211 530 4276 ἐπὶ
555 4213 588 4277 τὸ
610 4217 804 4293 λογογραφεῖν
827 4209 967 4292 ε’νρασεσο
980 4208 1032 4274 καὶ
1044 4209 1213 4291 γέγραπται
1226 4210 1305 4290 αὐτῷ
1315 4206 1430 4289 ἄπειρα.

321 4415 323 4421 p
357 4345 531 4413 τελευτῆσαι
554 4339 585 4403 δὲ
608 4339 696 4403 αὑτὸν
718 4339 804 4417 λογδς
828 4337 883 4403 ὑπὸ
906 4341 1005 4411 κακῶν,
1029 4334 1093 4401 ἐπεὶ
1116 4337 1199 4401 κατα
1221 4341 1274 4409 τῆς
1291 4333 1430 4409 ἀληθείας
