3328 5234
691 573 696 586 '
758 589 821 652 105

236 802 486 884 peregrinatores
507 801 543 863 in
564 801 698 864 remotis
722 798 904 884 regionibus
917 801 1041 885 experti
1053 803 1167 882 essent,
1180 800 1351 865 constabat.

237 922 324 999 Quae
347 927 465 1008 scripta
488 927 564 1008 quia
585 927 691 989 omnia
703 927 875 1009 perierunt,
889 926 1058 1007 damnum,
1072 930 1226 1008 quantum
1241 931 1353 1010 potest,

234 1057 364 1135 exerpto
398 1053 637 1116 resarciendum
669 1057 725 1135 est,
757 1053 841 1136 quod
872 1052 1008 1117 Photius
1039 1052 1131 1134 (Bibl.
1158 1073 1183 1117 c.
1211 1053 1287 1137 166)
1311 1073 1353 1118 ex

232 1177 346 1240 itinere
369 1175 408 1239 ab
427 1176 568 1241 Antonio
589 1175 732 1261 Diogene
752 1182 878 1241 narrato
904 1177 979 1261 (τῶν
1000 1176 1068 1256 ὑπὲρ
1089 1175 1209 1266 eodnqr'
1221 1175 1353 1240 ἀπίστων

235 1301 314 1378 λόγοι
349 1298 415 1386 ab)
450 1301 543 1367 nobis
574 1304 711 1387 tradidit,
743 1305 798 1369 sed
831 1304 934 1368 multo
965 1305 1040 1367 huie
1063 1305 1181 1388 exiguo
1206 1310 1353 1388 excerpto

234 1432 401 1511 praestant,
433 1449 514 1513 quae
544 1429 706 1495 Lucienus
739 1431 777 1495 de
809 1432 869 1495 hoo
898 1431 1076 1495 litterarum
1106 1449 1222 1514 genere
1245 1449 1354 1514 paroe-

235 1553 324 1618 diaca
346 1555 526 1619 imitatione
549 1557 582 1618 in
607 1555 700 1620 Veris
723 1555 874 1620 Historiis
895 1576 955 1620 nos
980 1557 1096 1621 docuit.

280 1678 508 1745 Fabulatorum
542 1681 649 1764 amplo
680 1700 795 1765 genere
818 1681 944 1745 dicendi
954 1687 1135 1764 assumpto
1159 1700 1193 1745 se
1218 1682 1355 1765 procella

236 1804 410 1889 sublatum,
434 1813 604 1891 postquam
630 1810 734 1872 varios
758 1826 851 1872 casus
870 1810 904 1871 in
925 1810 1006 1871 mari
1024 1813 1131 1891 aperto
1145 1814 1175 1873 et
1187 1809 1221 1870 in
1233 1807 1352 1872 Bacchi

236 1933 343 1996 insula
378 1933 538 2017 subiisset,
569 1935 602 1997 in
633 1934 759 1998 Lunam
792 1936 975 2018 pervenisse
998 1941 1114 1998 narrat.
1137 1934 1251 1998 Varias
1275 1935 1354 1998 coeli

236 2061 381 2142 regiones
415 2080 605 2144 permensus
640 2063 674 2124 in
709 2059 873 2125 Oceanum
910 2081 1024 2126 rursus
1060 2061 1209 2145 delapsus
1243 2068 1291 2125 est
1325 2065 1356 2125 et

236 2186 320 2250 inter
343 2186 403 2249 alia
427 2187 568 2270 pericula
587 2186 649 2250 sibi
661 2187 808 2252 obeunda
820 2188 1021 2272 aliquamdiu
1033 2188 1067 2250 in
1081 2186 1232 2250 balaenae
1244 2192 1356 2250 ventre

217 2305 336 2376 'vitam
369 2315 569 2378 sustentavit.
601 2313 708 2377 Etiam
731 2315 765 2377 in
790 2313 964 2379 Beatorum
989 2313 1101 2377 Insula
1124 2313 1248 2377 liberali
1271 2332 1355 2378 reee-

238 2445 313 2524 ptus
348 2444 396 2503 est
430 2440 577 2523 hospitio,
610 2439 665 2504 ubi
699 2459 773 2503 cum
805 2441 931 2524 magnis
961 2440 1111 2522 antiquae
1141 2439 1357 2522 philosophiae

239 2564 374 2629 ducibus
408 2567 582 2630 amicitiam
618 2567 785 2630 contraxit.
820 2565 859 2628 In
895 2565 949 2628 illa
973 2566 1169 2648 optimorum
1193 2564 1357 2648 republica

239 2690 408 2776 Epicurus,
433 2711 496 2775 qua
519 2697 585 2756 erat
609 2691 797 2773 urbanitate,
817 2710 934 2756 coenae
946 2696 1078 2775 praeest,
1090 2699 1186 2775 atque
1198 2690 1357 2775 Diogenes

240 2837 331 2901 saepe
364 2825 436 2901 post
467 2821 651 2882 convivium
687 2818 795 2883 ebrius
827 2818 920 2882 saltat
951 2837 1024 2882 cum
1055 2816 1152 2882 Laide
1185 2818 1358 2900 meretrice,

241 2965 334 3028 quam
366 2964 500 3009 uxorem
528 2945 630 3009 duxit.
665 2944 809 3008 Socrates
832 2945 981 3009 delicatos
1000 2946 1136 3028 juvenes
1160 2945 1247 3008 velut
1269 2943 1358 3025 Hya-

239 3072 384 3136 cinthum
408 3076 554 3154 sectatur,
577 3077 608 3135 et
631 3070 722 3134 Plato
745 3069 824 3134 alios
848 3071 934 3135 cives
958 3076 1145 3154 aspernatus
1168 3072 1203 3134 in
1226 3073 1353 3155 propria

240 3199 366 3262 civitate
389 3199 457 3262 suis
480 3197 606 3281 legibus
629 3195 807 3281 gubernata
830 3197 919 3260 solus
942 3194 1069 3259 habitat.
1095 3193 1198 3271 Quam
1222 3195 1356 3260 festivus

240 3330 287 3390 est
310 3327 500 3390 narrationis
523 3326 622 3408 locus,
645 3323 701 3389 ubi
725 3323 868 3407 Ulysses,
893 3343 967 3388 cum
990 3325 1024 3386 in
1049 3341 1085 3387 eo
1111 3327 1201 3404 esset,
1221 3327 1257 3385 ut
1268 3340 1357 3405 pere-

239 3455 414 3536 grinatores
436 3452 576 3520 insulam
600 3450 764 3515 beatorum
790 3450 1017 3535 relinquerent,
1036 3450 1199 3514 celerrime
1212 3451 1359 3532 accurrit,

240 3584 274 3643 ut
296 3580 418 3643 litteras
441 3578 609 3642 amatorias
632 3577 672 3655 ad
694 3576 829 3660 Calypso
853 3578 968 3641 missas
980 3575 1255 3662 proficiscentibus
1269 3595 1357 3638 man-

239 3707 334 3770 daret
370 3703 439 3781 Quo
474 3704 615 3788 episodio
649 3704 689 3768 de
723 3703 864 3787 antiquis
899 3703 1095 3787 philosophis
1127 3706 1159 3766 et
1189 3701 1308 3783 Ulysse
1339 3721 1358 3765 a
1401 3783 1405 3794 α

240 3830 381 3896 Luciano
416 3831 455 3894 ad
485 3833 679 3895 comicorum
712 3848 858 3893 normam
882 3828 1055 3911 composito
1080 3827 1119 3890 ad
1142 3827 1358 3911 peregrinato-

238 3977 311 4021 rum
347 3976 450 4040 genus
485 3956 636 4019 narrandi
668 3955 770 4036 rediit,
805 3959 835 4018 et
871 3973 953 4037 quae
986 3955 1104 4017 iterum
1139 3953 1292 4016 miracula
1323 3955 1357 4016 in

241 4082 367 4148 Oceano
398 4101 568 4166 perpessus
595 4081 700 4162 fuerit,
719 4082 827 4163 jocose
850 4079 1018 4144 fabulatur.
1044 4078 1128 4155 Quid
1153 4084 1257 4142 autern
1283 4098 1358 4142 con-

241 4211 305 4274 silii
327 4208 490 4273 Lucianus
513 4209 546 4270 in
570 4207 664 4272 Veris
684 4206 835 4270 Historiis
856 4205 1031 4271 scribendis
1052 4204 1114 4269 sibi
1133 4205 1359 4289 proposuisset,

241 4336 369 4400 initium
406 4331 479 4395 libri
513 4333 622 4414 (1-5)
653 4350 711 4395 nos
743 4330 843 4413 docet,
873 4329 930 4394 ubi
962 4349 996 4394 se
1027 4335 1251 4414 argumentum
1282 4331 1360 4393 arri·
