3310 5242
777 577 795 638 7

219 787 384 873 Dialogus
414 787 609 852 Meretrieios
639 787 677 852 ad
708 789 892 872 exemplum
922 787 1033 854 Novae
1057 788 1244 855 Comoediae
1267 809 1351 854 eom-

221 934 357 1000 ponens
379 915 499 999 lepidas
520 919 646 978 tantum
666 916 822 999 imagines
842 918 1054 1000 appetivisset,
1066 916 1355 982 Summerbrodtius

216 1045 271 1106 ita
307 1043 347 1108 de
376 1044 416 1107 iis
447 1043 574 1106 loeutus
606 1046 669 1106 est:
703 1042 786 1125 ,Zur
813 1040 1008 1127 Erganzung
1033 1043 1135 1108 dieses
1159 1043 1269 1108 Bildes
1293 1045 1349 1108 des

219 1170 390 1235 sittliohen
432 1169 571 1233 Verfalls
614 1170 691 1249 (ie.
728 1169 828 1234 seculi
863 1170 1114 1248 Antoninorum)
1148 1171 1263 1234 dienen
1298 1171 1349 1235 die

219 1293 610 1379 Hetaerengespraeehe.”
636 1293 703 1376 (Ed.
725 1294 861 1359 Weidm.
886 1294 987 1360 Praef⁴
1011 1315 1039 1379 p.
1060 1295 1182 1374 XXX).

274 1421 329 1484 le
367 1422 475 1485 eodem
511 1422 597 1503 viti0,
634 1419 719 1503 quod
750 1438 864 1504 nempe
899 1420 1051 1506 philologi
1084 1423 1172 1485 varia
1204 1426 1348 1506 tempora

220 1549 426 1632 distinguere
456 1566 520 1610 non
549 1545 710 1628 curabant,
734 1546 828 1609 etiam
853 1545 934 1609 alius
959 1564 1047 1610 error
1069 1550 1164 1610 natus
1188 1551 1252 1627 est;
1276 1547 1346 1630 plu·

219 1675 303 1738 rimi
326 1674 386 1735 riri
409 1672 502 1755 doeti,
525 1691 598 1736 cum
619 1672 780 1755 quoddam
801 1694 880 1758 opus
902 1675 1048 1738 satirioae
1068 1672 1346 1739 Luciauinaturae

219 1819 294 1862 non
337 1798 548 1882 responderet,
591 1800 675 1863 inter
714 1801 823 1885 spuria
857 1801 937 1865 illud
972 1801 1157 1883 reJeoerunt.
1192 1799 1342 1884 Exempli

219 1927 338 2012 gratia,
373 1926 411 1991 de
447 1927 555 1990 eadem
592 1925 773 1990 saltationis
804 1927 995 2010 laudatione,
1028 1945 1110 2010 quae
1137 1925 1346 2010 Hertzbergio

221 2056 325 2120 satira
359 2073 427 2118 esse
461 2052 637 2136 videbatur,
670 2074 699 2132 r.
724 2054 752 2116 d.
789 2051 1000 2137 Schulzeus1)
1028 2054 1157 2118 loeutus
1188 2057 1253 2117 est:
1280 2052 1343 2134 „Es

219 2182 304 2265 liegt
327 2180 384 2243 auf
403 2180 458 2244 der
480 2179 585 2262 Hand,
610 2180 682 2244 dass
706 2199 741 2244 so
761 2182 907 2244 seltsame
926 2181 1103 2244 Ansiohten
1123 2181 1168 2243 im
1183 2179 1269 2243 Tone
1288 2179 1344 2243 der

221 2305 482 2390 Ueberzeugung
512 2311 729 2390 vorgetragen,
761 2306 832 2369 dem
856 2326 919 2369 von
943 2305 1072 2390 Jugend
1096 2305 1155 2369 auf
1174 2307 1233 2368 mit
1256 2303 1344 2369 Grio-

222 2432 372 2496 ohisoher
400 2430 574 2497 Litteratur
604 2432 832 2516 besehttftigten
865 2432 1080 2517 aufgeldttrten
1111 2431 1232 2496 Lueian
1256 2433 1345 2496 nieht

219 2561 261 2621 in
296 2558 358 2622 den
392 2557 494 2622 Mund
524 2559 628 2642 gelegt
657 2559 785 2622 werden
815 2559 974 2641 konnen,”
998 2564 1029 2623 et
1053 2578 1133 2642 opus
1158 2579 1177 2622 a
1198 2557 1340 2623 Luciano

221 2684 428 2767 abjudicavit.
459 2684 615 2748 Introitus
648 2685 765 2768 dialogi
787 2683 914 2768 Nigrini
937 2685 976 2748 ad
1000 2685 1158 2748 comicum
1183 2685 1344 2768 quoddam

222 2811 409 2895 exemplum
440 2812 726 2876 vehementissimis
751 2810 856 2875 verbis
880 2812 1074 2894 compositus
1097 2809 1237 2894 Ranlreo,
1260 2810 1343 2874 Betr-

220 2937 303 3000 kero
330 2941 360 3001 et
383 2937 492 3000 multis
517 2936 587 2999 aliis
601 2936 623 3018 2)
648 2957 666 2999 a
688 2935 822 2999 Luciani
846 2937 973 3000 satirioa
996 2935 1102 3000 indole
1125 2936 1249 3000 alienus
1273 2954 1342 3000 esse

220 3061 401 3145 videbatur,
424 3066 454 3126 et
475 3064 551 3146 quia
570 3062 657 3125 illam
678 3062 830 3126 oomioam
848 3063 1002 3145 originem
1022 3081 1085 3125 nou
1098 3061 1341 3146 perspiciebant,

222 3187 384 3271 dialogum
409 3192 526 3253 temere
549 3189 631 3252 inter
656 3189 765 3272 spuria
786 3188 1016 3273 relegaverunt.

268 3311 416 3397 Denique
440 3315 629 3378 vetustiores
652 3314 845 3396 praesertim,
869 3313 925 3378 sed
948 3319 979 3376 et
1000 3314 1191 3377 recentiores
1210 3314 1244 3375 iu
1258 3331 1340 3376 eare

221 3440 306 3523 lapsi
328 3447 412 3517 sunt,
432 3441 517 3524 quod
537 3459 669 3523 semper,
690 3459 771 3522 quae
783 3441 868 3523 apud
879 3438 1056 3503 Lucianum
1066 3440 1187 3522 judicia
1198 3440 1340 3503 invenie-

222 3563 310 3646 bant,
341 3583 382 3628 ex
415 3565 528 3629 intimo
564 3566 725 3648 scriptoris
760 3565 855 3629 eorde
888 3564 1080 3648 profluxisse
1117 3564 1339 3649 opinabantur.

221 3806 369 3816 ——

257 3969 285 4028 1)
304 3971 354 4022 Csr.
371 3973 455 4036 Fleck,
473 3973 560 4024 Jahrb.
578 3972 635 4034 14³,
653 3989 676 4038 p.
694 3970 752 4024 823.

257 4061 284 4126 2)
305 4065 456 4130 Bernapsius
472 4066 503 4116 de
520 4065 621 4130 Nigrini
638 4065 736 4130 origine
754 4065 861 4116 dubitat.
880 4064 952 4128 (Luc.
969 4083 996 4117 u.
1013 4066 1053 4116 die
1070 4065 1137 4132 Kyn.
1154 4081 1179 4131 p.
1196 4065 1249 4126 89).

257 4155 286 4205 Ρ.
312 4155 339 4207 C.
365 4157 513 4222 Margadant
539 4157 579 4219 (de
605 4157 665 4207 Luc.
691 4171 746 4220 aeq.
771 4171 838 4206 cens.
867 4172 891 4221 p.
915 4155 970 4222 to:
991 4156 1092 4224 ,Quare
1109 4164 1155 4208 aut
1171 4158 1338 4222 indignemur

221 4264 324 4301 neoesse
348 4257 393 4314 est,
419 4251 480 4314 quia
503 4250 585 4302 bonus
601 4249 748 4299 dormitavit
766 4249 900 4312 Homerus,
916 4255 963 4299 aut
980 4249 1119 4315 Nigrinum
1136 4251 1167 4300 ab
1184 4251 1338 4315 nescioquo

222 4341 359 4392 verborum
377 4347 531 4393 ostentatore
547 4342 721 4406 conscriptum
737 4355 792 4392 esse
809 4339 979 4393 statuamus.”
