3310 5242
823 595 863 662 18

279 807 393 874 litteris
423 808 556 892 dedisse,
581 828 663 892 quae
686 808 785 874 verba
807 830 825 874 a
849 809 926 873 viris
949 809 1050 872 doctis
1074 810 1130 872 aut
1151 806 1270 889 injuria
1293 806 1326 869 in
1340 803 1384 868 du

280 934 370 1000 bium
395 939 548 999 vocantur
572 939 627 999 aut
649 954 797 1019 perverse
817 935 1024 1019 explicantur.
1046 932 1139 1009 Quod
1158 938 1266 996 autem
1286 933 1399 995 Antio-

282 1063 371 1127 chiae
403 1060 545 1126 Lucieno
576 1062 773 1127 domicilium
805 1062 904 1127 fuisse
937 1061 1022 1144 dicit,
1045 1061 1079 1124 id
1103 1080 1122 1124 a
1144 1058 1292 1143 plurimis
1314 1079 1345 1120 r.
1370 1056 1400 1121 d.

279 1208 337 1273 pro
361 1191 499 1273 pessimo
525 1193 703 1254 commento
727 1189 880 1269 habetur,
902 1192 933 1252 at
953 1207 1064 1272 rogare
1081 1186 1185 1268 velim,
1199 1185 1276 1270 quid
1290 1183 1401 1268 obstet,

285 1318 458 1401 quominus
482 1317 510 1380 ei
532 1285 627 1380 fidem
649 1315 838 1397 habeamus,
859 1317 958 1379 immo
978 1333 1019 1380 ex
1038 1314 1116 1398 ipsis
1128 1311 1263 1376 Luciani
1276 1311 1401 1396 scriptis

283 1446 507 1527 argumentum
531 1442 617 1506 haud
637 1441 905 1506 contemnendum
925 1441 990 1524 peti
1009 1444 1121 1523 potest,
1141 1439 1207 1522 qui,
1219 1436 1292 1501 licet
1304 1437 1401 1501 diser-

284 1571 326 1634 tis
350 1568 455 1635 verbis
477 1588 639 1652 nusquam
664 1569 722 1632 hac
747 1567 785 1632 de
808 1587 842 1631 re
865 1568 992 1631 locutus
1010 1565 1115 1647 fuerit,
1128 1569 1233 1629 tamen
1246 1562 1401 1628 inlibello

282 1695 322 1761 de
345 1694 519 1760 Saltatione
542 1695 712 1759 histriones
737 1700 768 1760 et
791 1694 949 1758 theatrum
972 1692 1208 1756 antiochenum
1229 1694 1293 1753 tam
1315 1690 1401 1753 vivis

284 1820 444 1886 coloribus
466 1823 578 1906 pingit,
601 1827 637 1886 ut
658 1821 736 1905 quin
759 1823 828 1904 ipse
852 1820 908 1884 has
932 1820 1073 1883 scenicas
1096 1819 1236 1881 actiones
1260 1819 1401 1916 spectare

283 1948 397 2013 solitus
419 1947 524 2030 fuerit,
548 1947 686 2012 dubitari
709 1950 853 2030 nequeat.
877 1944 974 2009 Nunc
992 1945 1167 2026 rideamus,
1180 1961 1262 2026 quae
1274 1940 1314 2006 de
1326 1941 1398 2006 aliis

282 2073 388 2139 verbis
411 2093 440 2136 r.
464 2073 492 2137 d.
516 2072 674 2159 proferant
693 2073 823 2156 judicia.
1231 2113 1232 2118 κ

325 2199 521 2264 Fritzschius
554 2199 624 2282 (Ed.
654 2199 730 2264 Luc.
765 2199 824 2263 HI.
856 2201 884 2262 2.
915 2197 996 2282 LX.)
1030 2198 1106 2262 dicit
1143 2216 1203 2279 „ex
1238 2195 1398 2260 causidico

284 2325 483 2410 aliquamdiu
506 2325 620 2408 rhetor,
643 2345 661 2391 e
683 2327 807 2390 rhetore
826 2344 956 2389 rursum
978 2324 1084 2388 evadit
1103 2321 1400 2405 satiricus”,neque
1426 2315 1429 2323 ’

282 2473 312 2516 v.
343 2454 372 2516 d.
416 2451 553 2518 Ohlebus
596 2454 630 2515 in
664 2452 886 2517 dissertatione
922 2451 980 2542 ,de
1014 2448 1155 2513 Lucieno
1189 2445 1399 2533 philosopho’'

282 2582 321 2665 (p.
354 2582 407 2666 20)
452 2581 491 2645 ab
536 2600 573 2646 eo
609 2581 762 2644 dissentit.
797 2579 872 2661 Alii,
908 2577 1026 2662 quibus
1061 2577 1200 2642 Messius
1235 2576 1399 2662 popularis

281 2712 389 2772 noster
421 2706 522 2771 facem
556 2707 714 2790 praetulit,
745 2711 830 2770 recte
854 2706 935 2770 hanc
959 2704 1204 2788 explicationem
1229 2703 1399 2767 damnave-

281 2836 366 2914 runt,
401 2832 476 2915 quia
511 2831 652 2896 rhetores
682 2833 765 2896 inter
795 2833 920 2896 diversa
943 2830 1058 2912 officia,
1083 2849 1164 2913 quae
1187 2829 1399 2914 praestabant,

282 2958 376 3021 etiam
410 2975 539 3021 reorum
570 2977 683 3022 causas
713 2960 874 3042 suscipere
905 2957 1058 3021 solebant.
1091 2955 1153 3021 Sed
1183 2975 1257 3020 cum
1280 2955 1398 3020 Suidae

279 3080 374 3146 fidem
417 3082 620 3166 denegarent,
657 3085 750 3166 quasi
785 3084 891 3146 omnia
926 3083 965 3147 de
1000 3101 1059 3146 suo
1094 3081 1251 3165 finxisset,
1285 3100 1395 3145 eorum

281 3208 387 3292 opinio
430 3208 509 3271 mihi
543 3207 701 3272 reicienda
737 3208 804 3272 visa
833 3211 888 3272 est.
921 3207 1051 3272 Suidam
1087 3208 1173 3271 enim
1205 3205 1395 3289 Lucianum,

278 3341 448 3419 postquam
490 3335 725 3399 causidicorum
760 3340 860 3400 artem
893 3335 1041 3416 deseruit,
1071 3339 1174 3398 totum
1209 3352 1244 3397 se
1278 3332 1395 3396 litteris

279 3460 404 3526 dedisse
428 3462 659 3543 (aoyoypaosa),
681 3461 838 3526 indicasse
862 3462 991 3544 conJeci.

252 3669 255 3676 .
324 3587 369 3651 At
391 3588 497 3671 ipsum
522 3589 706 3671 scriptorem
731 3588 957 3653 consulamus!

322 3711 485 3779 Lucienus
520 3733 594 3778 cum
629 3713 668 3779 de
702 3714 835 3798 dialogis
871 3715 999 3778 comicis
1037 3716 1068 3778 et
1098 3713 1229 3796 cynicis,
1260 3714 1316 3797 qui
1339 3709 1396 3777 Bis

277 3839 475 3904 Accusatum
505 3846 749 3924 praecesserant,
779 3841 975 3924 loqueretur,
1005 3858 1039 3904 se
1070 3839 1176 3924 ipsum
1202 3837 1390 3918 λογογράφον

276 3966 456 4029 nominavit
478 3964 538 4047 (bis
562 3983 623 4029 acc.
649 3966 712 4048 15).
735 3968 948 4044 Λογογροοφεῖν
971 3964 1080 4048 igitur,
1104 3963 1178 4028 licet
1201 3963 1396 4030 Fritzschius

276 4096 379 4175 neget,
402 4110 467 4154 non
490 4091 594 4155 solum
618 4090 657 4154 de
681 4090 947 4154 declamationum
969 4091 1133 4173 scriptore,
1156 4090 1211 4154 sed
1235 4091 1330 4154 etiam
1355 4089 1394 4154 de

275 4218 402 4282 satirico
434 4218 496 4281 dici
525 4217 636 4302 potuit.
666 4215 790 4282 Deinde
812 4215 975 4280 Lucienus
999 4217 1045 4280 sic
1068 4215 1107 4280 de
1129 4215 1288 4281 rhetorica
1312 4235 1332 4280 a
1356 4234 1391 4281 se

275 4342 384 4409 relicta
417 4343 561 4426 loquitur
592 4344 690 4413 κοολῶς
723 4334 787 4420 εἶχέ
818 4363 866 4418 μοι
898 4337 979 4420 ἀνδρὶ
1009 4337 1063 4413 ἤδη
1095 4337 1315 4421 τετταράκοντα
1344 4337 1395 4412 ἔτη
