3328 5234
9 579 11 670 l

9 745 11 848 l

9 899 11 966 ι

754 610 793 673 91

216 821 404 887 formaverat
434 823 497 902 (ofr.
530 821 807 903 Orestautoelides,
830 809 1135 902 Dion'ysalexander,
1162 818 1333 900 Demotyn-

217 949 341 1028 dorsus)
364 949 497 1013 fortasse
519 949 660 1013 indicare
684 949 793 1012 voluit.

257 1071 345 1137 Licet
380 1080 485 1137 autem
521 1074 665 1138 homines
700 1094 717 1139 e
752 1072 986 1136 Diadoohorum
1019 1091 1097 1135 aevo
1132 1072 1197 1152 (15)
1223 1071 1332 1155 depin-

213 1204 331 1282 gantur
365 1205 395 1263 et
431 1198 653 1283 Olympiaeum
687 1201 883 1263 Atheniense
914 1219 932 1261 a
963 1197 1128 1261 Hadriano
1159 1217 1242 1260 anno
1270 1198 1331 1259 129

213 1325 404 1406 dedicatum,
446 1325 588 1388 nondum
630 1324 810 1389 absolutum
848 1324 973 1387 dioatur
1009 1325 1085 1404 (24),
1120 1322 1332 1387 Fritzsohium

213 1455 318 1514 tamen
354 1453 484 1514 omnino
518 1451 611 1515 latuit
645 1453 678 1514 in
712 1453 917 1544 antiquorum
951 1457 1020 1529 (aut
1052 1449 1251 1513 Comieorum
1277 1453 1333 1511 aut

214 1575 369 1659 Menippi)
403 1578 580 1640 imitatione
611 1581 715 1640 totum
741 1596 821 1659 opus
845 1577 973 1639 versari.
998 1574 1048 1637 Ex
1073 1574 1137 1638 fine
1160 1575 1244 1638 enim
1269 1572 1333 1636 dia-

131 1679 135 1686 ·
214 1703 286 1784 logi,
322 1702 378 1765 ubi
413 1703 540 1784 Jupiter
576 1703 790 1786 philosophos,
826 1704 902 1784 quia
936 1701 1121 1784 religionem
1149 1699 1333 1783 popularem

214 1830 467 1911 impugnantes
489 1828 688 1911 perditurum
713 1847 782 1893 esse
806 1830 955 1909 minatur,
978 1826 1033 1890 ille
1056 1829 1106 1889 vir
1127 1827 1238 1890 doetus
1259 1845 1334 1889 oon·

215 1954 309 2017 elnsit
333 1953 402 2035 (Ed.
426 1953 502 2017 Luc.
525 1954 566 2037 II,
593 1956 618 2016 l.
646 1955 721 2033 159)
745 1974 824 2037 opus
838 1973 908 2018 esse
922 1955 1075 2037 seriptum
1089 1953 1178 2018 brevi
1191 1959 1332 2036 tempore

216 2086 287 2163 post
317 2083 448 2144 mortem
478 2079 520 2142 M.
540 2080 673 2162 Aurelii,
697 2100 769 2143 oum
795 2079 988 2144 Commodus
1011 2079 1207 2163 philosophis
1229 2097 1335 2162 perse-

216 2207 376 2269 cutionem
400 2205 562 2268 indicaret.

260 2331 304 2393 At
326 2333 395 2414 ipsa
420 2331 515 2394 verba
535 2329 668 2394 Luoiani
687 2331 910 2394 consulamus:
931 2330 1059 2413 Jupiter
1078 2348 1196 2414 poenas
1209 2330 1333 2394 differre

218 2457 295 2538 vult,
319 2456 463 2537 ἱερομηνία
482 2457 539 2535 γάρ
555 2457 641 2528 ἐστιν,
663 2457 700 2528 ὡς
720 2453 791 2534 ἴστε,
813 2459 910 2532 μηνῶν
929 2455 1035 2519 τούτων
1048 2455 1201 2535 τεττάρων,
1215 2454 1267 2519 καὶ
1280 2453 1333 2529 ἤδη

217 2579 267 2654 την
288 2581 446 2675 ἑαεχειρίαν
469 2581 731 2662 περιηγγειλάμην.
756 2583 785 2653 ἐς
805 2581 897 2645 νέωτα
917 2575 962 2645 οὖν
983 2579 1148 2661 ἀρχομένου
1168 2577 1230 2662 ἦρος
1251 2580 1336 2646 κακοὶ

215 2711 310 2780 κακῶς
333 2708 510 2772 ἀπολοῦνται
533 2711 574 2788 τῷ
598 2707 768 2787 σμερδαλέῳ
797 2709 927 2788 κεραυνῷ,
952 2728 1034 2792 quae
1058 2710 1154 2773 verba
1177 2729 1194 2774 θ
1218 2712 1337 2773 comica

216 2835 335 2898 scilieet
358 2834 475 2918 dialogi
499 2841 613 2898 natura
636 2834 789 2918 explicari
810 2834 934 2916 debent,
955 2854 1060 2917 neque
1074 2836 1248 2918 quidquam
1262 2837 1337 2898 serii

216 2962 387 3024 continent.
419 2960 561 3044 ignavus
592 2963 677 3024 enim
708 2959 837 3044 Jupiter
860 2960 926 3058 (ofr.
952 2961 1033 3025 Biss
1058 2962 1133 3024 Aoo.
1159 2965 1190 3040 4)
1211 2963 1276 3044 qui,
1295 2979 1336 3024 no

216 3092 346 3150 strenue
369 3106 461 3170 agere
481 3093 621 3170 cogatur,
641 3106 766 3150 omnem
789 3106 908 3150 moram
929 3089 1049 3170 arripit,
1062 3088 1253 3171 supplicium
1267 3087 1336 3170 phi-

215 3210 418 3293 losophorum
443 3213 476 3273 in
500 3232 621 3275 annum
646 3217 841 3294 sequentem,
865 3231 938 3275 oum
963 3231 1038 3276 vero
1058 3232 1141 3276 novo
1161 3212 1335 3276 fulminea

217 3333 408 3418 Cyelopibus
431 3336 517 3399 refici
542 3337 673 3426 soleant,
694 3337 806 3400 differt.
828 3336 955 3412 Quanto
976 3337 1097 3401 doctior
1109 3345 1157 3402 est
1168 3339 1221 3401 illa
1234 3338 1335 3401 Fritz-

217 3461 295 3522 sehii
317 3462 498 3545 explicatio,
520 3464 576 3545 qui
595 3481 716 3546 poenae
735 3464 944 3546 prolationem
967 3482 1003 3527 eo
1023 3463 1126 3545 refelt,
1146 3465 1232 3547 quod
1246 3464 1336 3527 Com-

217 3587 329 3652 modus
353 3594 425 3670 post
446 3587 565 3652 bellum
589 3609 662 3651 oum
683 3588 918 3654 Marcomannis
930 3590 1058 3653 finitum
1072 3590 1334 3673 supplicationem

218 3712 400 3794 (ἱερομηνίαν)
424 3713 576 3778 Romanis
595 3715 776 3798 indixisset,
796 3734 852 3798 per
872 3716 957 3798 quod
978 3721 1104 3800 tempus
1116 3718 1254 3799 aliquem
1269 3735 1338 3799 per-

220 3843 312 3922 sequi
339 3840 427 3904 nefas
450 3841 631 3925 putabatur.
657 3840 759 3917 Quam
784 3844 974 3925 opinionem,
999 3843 1085 3925 quod
1108 3843 1147 3906 ad
1174 3844 1335 3907 historiam

217 3968 353 4048 pertinet
384 3986 402 4028 a
434 3986 462 4027 v.
496 3966 525 4029 d.
557 3967 697 4031 Brunsio
726 3969 792 4049 Jam
816 3966 994 4048 refutatam,
1018 3968 1123 4031 denuo
1147 3968 1338 4052 redarguere

219 4091 419 4175 supersedeo,
443 4094 519 4174 quia
541 4095 575 4155 in
599 4098 709 4155 nostro
733 4093 857 4176 dialogo
880 4112 944 4156 non
967 4095 1172 4176 imperatores
1192 4093 1340 4177 Romani,

219 4216 273 4279 sed
304 4218 443 4280 oomioae
473 4236 626 4301 personae
656 4236 674 4280 e
701 4215 936 4281 Diadoohorum
961 4223 1062 4283 aetate
1085 4224 1116 4282 et
1139 4221 1263 4302 antiqui
1287 4218 1338 4282 dei

218 4342 320 4426 lepide
352 4343 556 4424 inducuntur.
580 4344 841 4428 Iearomenippus
864 4346 963 4428 igitur
987 4365 1050 4409 non
1074 4365 1159 4408 anno
1185 4347 1257 4427 180,
1280 4347 1337 4410 sed
