<?xml version="1.0" encoding="UTF-8"?>
<!DOCTYPE html PUBLIC "-//W3C//DTD XHTML 1.0 Transitional//EN"
    "http://www.w3.org/TR/xhtml1/DTD/xhtml1-transitional.dtd">
<html xmlns="http://www.w3.org/1999/xhtml" xml:lang="en" lang="en">
 <head>
  <title>
</title>
<meta http-equiv="Content-Type" content="text/html;charset=utf-8" />
  <meta name='ocr-system' content='tesseract 3.04.00' />
  <meta name='ocr-capabilities' content='ocr_page ocr_carea ocr_par ocr_line ocrx_word'/>
</head>
<body>
  <div class='ocr_page' id='page_1' title='image "./studialucianea00boldgoog_0029.png"; bbox 0 0 3310 5242; ppageno 0'>
   <div class='ocr_carea' id='block_1_1' title="bbox 849 547 869 611">
    <p class='ocr_par' dir='ltr' id='par_1_1' title="bbox 849 547 869 611">
     <span class='ocr_line' id='line_1_1' title="bbox 849 547 869 611; baseline 0 0"><span class='ocrx_word' id='word_1_1' title='bbox 849 547 869 611; x_wconf 86' lang='lat'><em>8</em></span> 
     </span>
    </p>
   </div>
   <div class='ocr_carea' id='block_1_2' title="bbox 303 756 1416 841">
    <p class='ocr_par' dir='ltr' id='par_1_2' title="bbox 303 756 1416 841">
     <span class='ocr_line' id='line_1_2' title="bbox 303 756 1416 841; baseline -0.004 -16"><span class='ocrx_word' id='word_1_2' title='bbox 303 759 503 825; x_wconf 86' lang='lat' dir='ltr'><strong>Rhetoricam</strong></span> <span class='ocrx_word' id='word_1_3' title='bbox 529 759 796 824; x_wconf 79' lang='lat' dir='ltr'><strong>declamationem·</strong></span> <span class='ocrx_word' id='word_1_4' title='bbox 813 758 846 820; x_wconf 93' lang='lat' dir='ltr'><strong>in</strong></span> <span class='ocrx_word' id='word_1_5' title='bbox 867 759 985 841; x_wconf 79' lang='lat' dir='ltr'>patriae</span> <span class='ocrx_word' id='word_1_6' title='bbox 1004 758 1128 822; x_wconf 91' lang='lat' dir='ltr'><strong>laudem</strong></span> <span class='ocrx_word' id='word_1_7' title='bbox 1149 756 1308 822; x_wconf 88' lang='lat' dir='ltr'><strong>habebant</strong></span> <span class='ocrx_word' id='word_1_8' title='bbox 1317 757 1340 837; x_wconf 85' lang='lat'><strong>1)</strong></span> <span class='ocrx_word' id='word_1_9' title='bbox 1360 776 1416 840; x_wconf 92' lang='lat' dir='ltr'><strong>pro</strong></span> 
     </span>
    </p>
   </div>
   <div class='ocr_carea' id='block_1_3' title="bbox 303 867 1416 971">
    <p class='ocr_par' dir='ltr' id='par_1_3' title="bbox 303 867 1416 971">
     <span class='ocr_line' id='line_1_3' title="bbox 303 867 1416 971; baseline -0.005 -19"><span class='ocrx_word' id='word_1_10' title='bbox 303 891 393 971; x_wconf 85' lang='lat' dir='ltr'><strong>„eine</strong></span> <span class='ocrx_word' id='word_1_11' title='bbox 417 888 494 952; x_wconf 89' lang='lat' dir='ltr'><strong>roife</strong></span> <span class='ocrx_word' id='word_1_12' title='bbox 517 885 589 950; x_wconf 92' lang='lat' dir='ltr'><strong>und</strong></span> <span class='ocrx_word' id='word_1_13' title='bbox 615 885 684 949; x_wconf 91' lang='lat' dir='ltr'><strong>edle</strong></span> <span class='ocrx_word' id='word_1_14' title='bbox 708 884 827 947; x_wconf 81' lang='lat' dir='ltr'><strong>Frucht</strong></span> <span class='ocrx_word' id='word_1_15' title='bbox 849 885 952 948; x_wconf 89' lang='lat' dir='ltr'><strong>seiner</strong></span> <span class='ocrx_word' id='word_1_16' title='bbox 976 867 1101 968; x_wconf 74' lang='lat' dir='ltr'><strong>spitern</strong></span> <span class='ocrx_word' id='word_1_17' title='bbox 1125 883 1231 965; x_wconf 88' lang='lat' dir='ltr'><strong>Jahre,</strong></span> <span class='ocrx_word' id='word_1_18' title='bbox 1254 884 1342 947; x_wconf 85' lang='lat' dir='ltr'>mehr</span> <span class='ocrx_word' id='word_1_19' title='bbox 1365 884 1416 948; x_wconf 92' lang='lat' dir='ltr'><strong>ein</strong></span> 
     </span>
    </p>
   </div>
   <div class='ocr_carea' id='block_1_4' title="bbox 300 1009 1457 2713">
    <p class='ocr_par' dir='ltr' id='par_1_4' title="bbox 300 1009 1457 1705">
     <span class='ocr_line' id='line_1_4' title="bbox 301 1009 1418 1094; baseline -0.004 -17"><span class='ocrx_word' id='word_1_20' title='bbox 301 1013 400 1078; x_wconf 85' lang='lat' dir='ltr'><strong>Werk</strong></span> <span class='ocrx_word' id='word_1_21' title='bbox 436 1013 491 1076; x_wconf 89' lang='lat' dir='ltr'><strong>des</strong></span> <span class='ocrx_word' id='word_1_22' title='bbox 525 1011 670 1076; x_wconf 81' lang='lat' dir='ltr'><strong>Heraens</strong></span> <span class='ocrx_word' id='word_1_23' title='bbox 703 1010 750 1074; x_wconf 83' lang='lat' dir='ltr'><strong>als</strong></span> <span class='ocrx_word' id='word_1_24' title='bbox 779 1009 834 1073; x_wconf 89' lang='lat' dir='ltr'><strong>des</strong></span> <span class='ocrx_word' id='word_1_25' title='bbox 857 1009 1009 1074; x_wconf 85' lang='lat' dir='ltr'><strong>Witzes.&#39;&#39;</strong></span> <span class='ocrx_word' id='word_1_26' title='bbox 1031 1009 1137 1074; x_wconf 84' lang='lat' dir='ltr'><strong>Verba</strong></span> <span class='ocrx_word' id='word_1_27' title='bbox 1160 1012 1312 1094; x_wconf 83' lang='lat' dir='ltr'><strong>piissima,</strong></span> <span class='ocrx_word' id='word_1_28' title='bbox 1336 1027 1418 1093; x_wconf 82' lang='lat' dir='ltr'><strong>quae</strong></span> 
     </span>
     <span class='ocr_line' id='line_1_5' title="bbox 301 1137 1416 1222; baseline -0.004 -19"><span class='ocrx_word' id='word_1_29' title='bbox 301 1139 466 1204; x_wconf 84' lang='lat' dir='ltr'><strong>Lucianus</strong></span> <span class='ocrx_word' id='word_1_30' title='bbox 498 1141 532 1202; x_wconf 90' lang='lat' dir='ltr'><strong>in</strong></span> <span class='ocrx_word' id='word_1_31' title='bbox 567 1138 702 1222; x_wconf 86' lang='lat' dir='ltr'><strong>Nigrino</strong></span> <span class='ocrx_word' id='word_1_32' title='bbox 734 1137 773 1200; x_wconf 85' lang='lat' dir='ltr'><strong>ad</strong></span> <span class='ocrx_word' id='word_1_33' title='bbox 804 1137 984 1200; x_wconf 90' lang='lat' dir='ltr'><strong>comoediae</strong></span> <span class='ocrx_word' id='word_1_34' title='bbox 1018 1157 1164 1201; x_wconf 90' lang='lat' dir='ltr'><strong>normam</strong></span> <span class='ocrx_word' id='word_1_35' title='bbox 1198 1138 1332 1221; x_wconf 85' lang='lat' dir='ltr'><strong>scripsit,</strong></span> <span class='ocrx_word' id='word_1_36' title='bbox 1361 1155 1416 1219; x_wconf 89' lang='lat' dir='ltr'><strong>pro</strong></span> 
     </span>
     <span class='ocr_line' id='line_1_6' title="bbox 300 1261 1418 1348; baseline -0.002 -21"><span class='ocrx_word' id='word_1_37' title='bbox 300 1267 405 1348; x_wconf 86' lang='lat' dir='ltr'><strong>ipsius</strong></span> <span class='ocrx_word' id='word_1_38' title='bbox 429 1265 590 1348; x_wconf 90' lang='lat' dir='ltr'><strong>scriptoris</strong></span> <span class='ocrx_word' id='word_1_39' title='bbox 615 1262 816 1327; x_wconf 85' lang='lat' dir='ltr'><strong>confessione</strong></span> <span class='ocrx_word' id='word_1_40' title='bbox 841 1261 1001 1345; x_wconf 68' lang='lat' dir='ltr'><strong>habentes</strong></span> <span class='ocrx_word' id='word_1_41' title='bbox 1021 1262 1251 1348; x_wconf 85' lang='lat' dir='ltr'><strong>Hertzbergins</strong></span> <span class='ocrx_word' id='word_1_42' title='bbox 1271 1262 1418 1326; x_wconf 90' lang='lat' dir='ltr'><strong>etBrun·</strong></span> 
     </span>
     <span class='ocr_line' id='line_1_7' title="bbox 304 1387 1419 1473; baseline -0.002 -19"><span class='ocrx_word' id='word_1_43' title='bbox 304 1392 371 1454; x_wconf 86' lang='lat' dir='ltr'><strong>sins</strong></span> <span class='ocrx_word' id='word_1_44' title='bbox 407 1388 647 1453; x_wconf 81' lang='lat' dir='ltr'><strong>admirabantur</strong></span> <span class='ocrx_word' id='word_1_45' title='bbox 684 1389 790 1469; x_wconf 82' lang='lat' dir='ltr'><strong>„aeine</strong></span> <span class='ocrx_word' id='word_1_46' title='bbox 825 1388 1102 1473; x_wconf 82' lang='lat' dir='ltr'><strong>liebesbediirftige</strong></span> <span class='ocrx_word' id='word_1_47' title='bbox 1126 1389 1193 1452; x_wconf 91' lang='lat' dir='ltr'><strong>und</strong></span> <span class='ocrx_word' id='word_1_48' title='bbox 1215 1387 1419 1472; x_wconf 79' lang='lat' dir='ltr'><strong>liebesiahige</strong></span> 
     </span>
     <span class='ocr_line' id='line_1_8' title="bbox 304 1501 1457 1598; baseline -0.003 -18"><span class='ocrx_word' id='word_1_49' title='bbox 304 1516 410 1580; x_wconf 88' lang='lat' dir='ltr'><strong>Natnr</strong></span> <span class='ocrx_word' id='word_1_50' title='bbox 445 1516 510 1579; x_wconf 93' lang='lat' dir='ltr'><strong>und</strong></span> <span class='ocrx_word' id='word_1_51' title='bbox 547 1516 598 1578; x_wconf 94' lang='lat' dir='ltr'><strong>die</strong></span> <span class='ocrx_word' id='word_1_52' title='bbox 634 1515 924 1579; x_wconf 86' lang='lat' dir='ltr'><strong>leidensebaftliche</strong></span> <span class='ocrx_word' id='word_1_53' title='bbox 957 1514 1204 1598; x_wconf 83' lang='lat' dir='ltr'><strong>Bewunderung</strong></span> <span class='ocrx_word' id='word_1_54' title='bbox 1240 1535 1280 1578; x_wconf 86' lang='lat' dir='ltr'><strong>zu</strong></span> <span class='ocrx_word' id='word_1_55' title='bbox 1316 1515 1419 1577; x_wconf 87' lang='lat' dir='ltr'><strong>einem</strong></span> <span class='ocrx_word' id='word_1_56' title='bbox 1453 1501 1457 1505; x_wconf 38' lang='lat'><strong>¹</strong></span> 
     </span>
     <span class='ocr_line' id='line_1_9' title="bbox 303 1639 816 1705; baseline -0.004 -1"><span class='ocrx_word' id='word_1_57' title='bbox 303 1641 469 1705; x_wconf 88' lang='lat' dir='ltr'><strong>Vertreter</strong></span> <span class='ocrx_word' id='word_1_58' title='bbox 491 1641 547 1704; x_wconf 86' lang='lat' dir='ltr'><strong>des</strong></span> <span class='ocrx_word' id='word_1_59' title='bbox 570 1639 816 1703; x_wconf 89' lang='lat' dir='ltr'><strong>Platonismus.&#39;’</strong></span> 
     </span>
    </p>

    <p class='ocr_par' dir='ltr' id='par_1_5' title="bbox 304 1764 1424 1979">
     <span class='ocr_line' id='line_1_10' title="bbox 348 1764 1424 1852; baseline 0.001 -23"><span class='ocrx_word' id='word_1_60' title='bbox 348 1768 447 1832; x_wconf 77' lang='lat' dir='ltr'><strong>Vides</strong></span> <span class='ocrx_word' id='word_1_61' title='bbox 471 1787 554 1852; x_wconf 84' lang='lat' dir='ltr'><strong>ergo,</strong></span> <span class='ocrx_word' id='word_1_62' title='bbox 578 1769 621 1831; x_wconf 91' lang='lat' dir='ltr'><strong>mi</strong></span> <span class='ocrx_word' id='word_1_63' title='bbox 644 1767 749 1849; x_wconf 87' lang='lat' dir='ltr'><strong>lector,</strong></span> <span class='ocrx_word' id='word_1_64' title='bbox 770 1767 819 1830; x_wconf 85' lang='lat' dir='ltr'><strong>vel</strong></span> <span class='ocrx_word' id='word_1_65' title='bbox 840 1786 881 1830; x_wconf 85' lang='lat' dir='ltr'><strong>ex</strong></span> <span class='ocrx_word' id='word_1_66' title='bbox 900 1767 950 1830; x_wconf 89' lang='lat' dir='ltr'><strong>his</strong></span> <span class='ocrx_word' id='word_1_67' title='bbox 969 1767 1080 1850; x_wconf 87' lang='lat' dir='ltr'><strong>paucis</strong></span> <span class='ocrx_word' id='word_1_68' title='bbox 1092 1767 1290 1848; x_wconf 85' lang='lat' dir='ltr'><strong>testimoniis,</strong></span> <span class='ocrx_word' id='word_1_69' title='bbox 1302 1764 1424 1850; x_wconf 88' lang='lat' dir='ltr'><strong>quibus</strong></span> 
     </span>
     <span class='ocr_line' id='line_1_11' title="bbox 304 1892 986 1979; baseline -0.001 -23"><span class='ocrx_word' id='word_1_70' title='bbox 304 1897 390 1958; x_wconf 86' lang='lat' dir='ltr'><strong>vitiis</strong></span> <span class='ocrx_word' id='word_1_71' title='bbox 414 1895 647 1979; x_wconf 83' lang='lat' dir='ltr'><strong>philologorum</strong></span> <span class='ocrx_word' id='word_1_72' title='bbox 672 1893 778 1957; x_wconf 90' lang='lat' dir='ltr'><strong>studia</strong></span> <span class='ocrx_word' id='word_1_73' title='bbox 797 1892 986 1957; x_wconf 82' lang='lat' dir='ltr'><strong>laborarint!</strong></span> 
     </span>
    </p>

    <p class='ocr_par' dir='ltr' id='par_1_6' title="bbox 303 2016 1423 2713">
     <span class='ocr_line' id='line_1_12' title="bbox 347 2016 1420 2118; baseline -0.003 -36"><span class='ocrx_word' id='word_1_74' title='bbox 347 2020 427 2084; x_wconf 86' lang='lat' dir='ltr'><strong>Tum</strong></span> <span class='ocrx_word' id='word_1_75' title='bbox 460 2020 589 2083; x_wconf 87' lang='lat' dir='ltr'><strong>demum</strong></span> <span class='ocrx_word' id='word_1_76' title='bbox 621 2019 680 2082; x_wconf 84' lang='lat' dir='ltr'><strong>lux</strong></span> <span class='ocrx_word' id='word_1_77' title='bbox 712 2017 890 2083; x_wconf 86' lang='lat' dir='ltr'><strong>etenebris</strong></span> <span class='ocrx_word' id='word_1_78' title='bbox 911 2024 978 2118; x_wconf 84' lang='lat' dir='ltr'><strong>orta</strong></span> <span class='ocrx_word' id='word_1_79' title='bbox 1003 2022 1058 2100; x_wconf 87' lang='lat' dir='ltr'><strong>est,</strong></span> <span class='ocrx_word' id='word_1_80' title='bbox 1083 2037 1155 2081; x_wconf 91' lang='lat' dir='ltr'><strong>cum</strong></span> <span class='ocrx_word' id='word_1_81' title='bbox 1179 2016 1344 2080; x_wconf 86' lang='lat' dir='ltr'>nonnullis</span> <span class='ocrx_word' id='word_1_82' title='bbox 1368 2035 1420 2100; x_wconf 89' lang='lat' dir='ltr'><strong>ap-</strong></span> 
     </span>
     <span class='ocr_line' id='line_1_13' title="bbox 304 2142 1422 2229; baseline -0.002 -21"><span class='ocrx_word' id='word_1_83' title='bbox 304 2165 415 2229; x_wconf 85' lang='lat' dir='ltr'><strong>parere</strong></span> <span class='ocrx_word' id='word_1_84' title='bbox 445 2146 558 2228; x_wconf 90' lang='lat' dir='ltr'><strong>coepit,</strong></span> <span class='ocrx_word' id='word_1_85' title='bbox 591 2164 672 2228; x_wconf 88' lang='lat' dir='ltr'><strong>quae</strong></span> <span class='ocrx_word' id='word_1_86' title='bbox 702 2146 782 2207; x_wconf 86' lang='lat' dir='ltr'><strong>ratio</strong></span> <span class='ocrx_word' id='word_1_87' title='bbox 815 2146 898 2208; x_wconf 92' lang='lat' dir='ltr'><strong>inter</strong></span> <span class='ocrx_word' id='word_1_88' title='bbox 927 2142 1107 2208; x_wconf 83' lang='lat' dir='ltr'><strong>Lucienum</strong></span> <span class='ocrx_word' id='word_1_89' title='bbox 1136 2145 1293 2208; x_wconf 82' lang='lat' dir='ltr'><strong>rhetorem</strong></span> <span class='ocrx_word' id='word_1_90' title='bbox 1318 2147 1349 2208; x_wconf 86' lang='lat' dir='ltr'><strong>et</strong></span> <span class='ocrx_word' id='word_1_91' title='bbox 1371 2162 1422 2206; x_wconf 91' lang='lat' dir='ltr'><strong>co-</strong></span> 
     </span>
     <span class='ocr_line' id='line_1_14' title="bbox 304 2270 1421 2368; baseline -0.001 -33"><span class='ocrx_word' id='word_1_92' title='bbox 304 2273 403 2335; x_wconf 89' lang='lat' dir='ltr'><strong>micos</strong></span> <span class='ocrx_word' id='word_1_93' title='bbox 446 2273 630 2354; x_wconf 88' lang='lat' dir='ltr'><strong>praesertim</strong></span> <span class='ocrx_word' id='word_1_94' title='bbox 673 2272 842 2368; x_wconf 76' lang='lat' dir='ltr'><strong>scriptores</strong></span> <span class='ocrx_word' id='word_1_95' title='bbox 883 2270 1100 2352; x_wconf 83' lang='lat' dir='ltr'><strong>intercederet,</strong></span> <span class='ocrx_word' id='word_1_96' title='bbox 1138 2290 1201 2353; x_wconf 90' lang='lat' dir='ltr'><strong>quo</strong></span> <span class='ocrx_word' id='word_1_97' title='bbox 1237 2271 1306 2334; x_wconf 89' lang='lat' dir='ltr'><strong>loco</strong></span> <span class='ocrx_word' id='word_1_98' title='bbox 1342 2271 1421 2334; x_wconf 91' lang='lat' dir='ltr'><strong>mihi</strong></span> 
     </span>
     <span class='ocr_line' id='line_1_15' title="bbox 303 2395 1422 2480; baseline 0.001 -21"><span class='ocrx_word' id='word_1_99' title='bbox 303 2398 455 2461; x_wconf 87' lang='lat' dir='ltr'><strong>laudandi</strong></span> <span class='ocrx_word' id='word_1_100' title='bbox 487 2401 561 2460; x_wconf 88' lang='lat' dir='ltr'><strong>sunt</strong></span> <span class='ocrx_word' id='word_1_101' title='bbox 591 2396 627 2460; x_wconf 92' lang='lat' dir='ltr'><strong>P.</strong></span> <span class='ocrx_word' id='word_1_102' title='bbox 660 2395 844 2478; x_wconf 85' lang='lat' dir='ltr'><strong>Sohulzens,</strong></span> <span class='ocrx_word' id='word_1_103' title='bbox 875 2397 967 2460; x_wconf 88' lang='lat' dir='ltr'><strong>cuius</strong></span> <span class='ocrx_word' id='word_1_104' title='bbox 1000 2396 1252 2460; x_wconf 89' lang='lat' dir='ltr'><strong>dissertationem</strong></span> <span class='ocrx_word' id='word_1_105' title='bbox 1267 2397 1289 2476; x_wconf 75' lang='lat'><strong>²)</strong></span> <span class='ocrx_word' id='word_1_106' title='bbox 1312 2400 1422 2480; x_wconf 86' lang='lat' dir='ltr'><strong>postea</strong></span> 
     </span>
     <span class='ocr_line' id='line_1_16' title="bbox 305 2519 1423 2606; baseline -0.003 -19"><span class='ocrx_word' id='word_1_107' title='bbox 305 2523 454 2605; x_wconf 81' lang='lat' dir='ltr'><strong>tractabo,</strong></span> <span class='ocrx_word' id='word_1_108' title='bbox 479 2527 509 2586; x_wconf 92' lang='lat' dir='ltr'><strong>et</strong></span> <span class='ocrx_word' id='word_1_109' title='bbox 532 2523 678 2606; x_wconf 82' lang='lat' dir='ltr'><strong>inprimis</strong></span> <span class='ocrx_word' id='word_1_110' title='bbox 698 2520 880 2585; x_wconf 84' lang='lat' dir='ltr'><strong>Theodorus</strong></span> <span class='ocrx_word' id='word_1_111' title='bbox 901 2519 1053 2604; x_wconf 85' lang='lat' dir='ltr'><strong>Kockius,</strong></span> <span class='ocrx_word' id='word_1_112' title='bbox 1065 2520 1314 2606; x_wconf 85' lang='lat' dir='ltr'><strong>fragmentorum</strong></span> <span class='ocrx_word' id='word_1_113' title='bbox 1327 2522 1423 2586; x_wconf 93' lang='lat' dir='ltr'><strong>comi-</strong></span> 
     </span>
     <span class='ocr_line' id='line_1_17' title="bbox 306 2646 791 2713; baseline -0.002 -1"><span class='ocrx_word' id='word_1_114' title='bbox 306 2668 416 2713; x_wconf 93' lang='lat' dir='ltr'><strong>corum</strong></span> <span class='ocrx_word' id='word_1_115' title='bbox 441 2649 542 2712; x_wconf 88' lang='lat' dir='ltr'><strong>editor</strong></span> <span class='ocrx_word' id='word_1_116' title='bbox 564 2646 791 2712; x_wconf 89' lang='lat' dir='ltr'><strong>nobilissimus.</strong></span> 
     </span>
    </p>
   </div>
   <div class='ocr_carea' id='block_1_5' title="bbox 395 2918 1335 3256">
    <p class='ocr_par' dir='ltr' id='par_1_7' title="bbox 395 2918 1335 3256">
     <span class='ocr_line' id='line_1_18' title="bbox 395 2918 1335 3004; baseline 0.003 -22"><span class='ocrx_word' id='word_1_117' title='bbox 395 2921 425 2982; x_wconf 90' lang='lat'><strong>3.</strong></span> <span class='ocrx_word' id='word_1_118' title='bbox 460 2918 651 3003; x_wconf 73' lang='lat' dir='ltr'><strong>Reponitur,</strong></span> <span class='ocrx_word' id='word_1_119' title='bbox 674 2919 751 3004; x_wconf 78' lang='lat' dir='ltr'><strong>quid</strong></span> <span class='ocrx_word' id='word_1_120' title='bbox 772 2919 904 2983; x_wconf 80' lang='lat' dir='ltr'><strong>rationis</strong></span> <span class='ocrx_word' id='word_1_121' title='bbox 926 2922 1009 2984; x_wconf 79' lang='lat' dir='ltr'><strong>inter</strong></span> <span class='ocrx_word' id='word_1_122' title='bbox 1032 2921 1158 2984; x_wconf 79' lang='lat' dir='ltr'><strong>comicos</strong></span> <span class='ocrx_word' id='word_1_123' title='bbox 1173 2925 1285 3000; x_wconf 76' lang='lat' dir='ltr'><strong>poetes</strong></span> <span class='ocrx_word' id='word_1_124' title='bbox 1307 2927 1335 2985; x_wconf 83' lang='lat' dir='ltr'><strong>et</strong></span> 
     </span>
     <span class='ocr_line' id='line_1_19' title="bbox 482 3043 1248 3125; baseline 0 -17"><span class='ocrx_word' id='word_1_125' title='bbox 482 3045 661 3108; x_wconf 72' lang='lat' dir='ltr'><strong>Luctantem</strong></span> <span class='ocrx_word' id='word_1_126' title='bbox 691 3045 866 3108; x_wconf 75' lang='lat' dir='ltr'><strong>intercedet.</strong></span> <span class='ocrx_word' id='word_1_127' title='bbox 900 3043 1025 3125; x_wconf 79' lang='lat' dir='ltr'><strong>Scripta</strong></span> <span class='ocrx_word' id='word_1_128' title='bbox 1047 3044 1183 3108; x_wconf 68' lang='lat' dir='ltr'><strong>latriam</strong></span> <span class='ocrx_word' id='word_1_129' title='bbox 1205 3045 1248 3109; x_wconf 85' lang='lat' dir='ltr'><strong>od</strong></span> 
     </span>
     <span class='ocr_line' id='line_1_20' title="bbox 578 3170 1157 3256; baseline -0.002 -22"><span class='ocrx_word' id='word_1_130' title='bbox 578 3175 728 3256; x_wconf 80' lang='lat' dir='ltr'><strong>quattuor</strong></span> <span class='ocrx_word' id='word_1_131' title='bbox 749 3175 863 3235; x_wconf 80' lang='lat' dir='ltr'><strong>aetates</strong></span> <span class='ocrx_word' id='word_1_132' title='bbox 886 3176 960 3234; x_wconf 79' lang='lat' dir='ltr'><strong>sont</strong></span> <span class='ocrx_word' id='word_1_133' title='bbox 982 3170 1157 3251; x_wconf 73' lang='lat' dir='ltr'><strong>referendo.</strong></span> 
     </span>
    </p>
   </div>
   <div class='ocr_carea' id='block_1_6' title="bbox 304 3384 1425 3976">
    <p class='ocr_par' dir='ltr' id='par_1_8' title="bbox 304 3384 1425 3976">
     <span class='ocr_line' id='line_1_21' title="bbox 350 3384 1423 3469; baseline 0.001 -21"><span class='ocrx_word' id='word_1_134' title='bbox 350 3384 413 3448; x_wconf 89' lang='lat' dir='ltr'><strong>Hic</strong></span> <span class='ocrx_word' id='word_1_135' title='bbox 445 3385 511 3467; x_wconf 88' lang='lat' dir='ltr'><strong>jam</strong></span> <span class='ocrx_word' id='word_1_136' title='bbox 543 3385 620 3446; x_wconf 90' lang='lat' dir='ltr'><strong>mihi</strong></span> <span class='ocrx_word' id='word_1_137' title='bbox 651 3385 741 3446; x_wconf 88' lang='lat' dir='ltr'><strong>locus</strong></span> <span class='ocrx_word' id='word_1_138' title='bbox 773 3402 843 3447; x_wconf 90' lang='lat' dir='ltr'><strong>esse</strong></span> <span class='ocrx_word' id='word_1_139' title='bbox 875 3384 1011 3466; x_wconf 87' lang='lat' dir='ltr'><strong>videtur,</strong></span> <span class='ocrx_word' id='word_1_140' title='bbox 1037 3388 1072 3447; x_wconf 91' lang='lat' dir='ltr'><strong>ut</strong></span> <span class='ocrx_word' id='word_1_141' title='bbox 1095 3390 1195 3467; x_wconf 80' lang='lat' dir='ltr'><strong>pauca</strong></span> <span class='ocrx_word' id='word_1_142' title='bbox 1218 3384 1257 3448; x_wconf 91' lang='lat' dir='ltr'><strong>de</strong></span> <span class='ocrx_word' id='word_1_143' title='bbox 1281 3387 1423 3469; x_wconf 89' lang='lat' dir='ltr'><strong>meipso</strong></span> 
     </span>
     <span class='ocr_line' id='line_1_22' title="bbox 308 3508 1424 3593; baseline 0.002 -19"><span class='ocrx_word' id='word_1_144' title='bbox 308 3511 470 3575; x_wconf 81' lang='lat' dir='ltr'><strong>disseram.</strong></span> <span class='ocrx_word' id='word_1_145' title='bbox 503 3508 584 3572; x_wconf 84' lang='lat' dir='ltr'><strong>Cum</strong></span> <span class='ocrx_word' id='word_1_146' title='bbox 615 3509 684 3593; x_wconf 84' lang='lat' dir='ltr'><strong>lege</strong></span> <span class='ocrx_word' id='word_1_147' title='bbox 708 3509 784 3572; x_wconf 90' lang='lat' dir='ltr'><strong>mihi</strong></span> <span class='ocrx_word' id='word_1_148' title='bbox 808 3527 994 3573; x_wconf 86' lang='lat' dir='ltr'><strong>concessum</strong></span> <span class='ocrx_word' id='word_1_149' title='bbox 1019 3514 1110 3590; x_wconf 88' lang='lat' dir='ltr'><strong>esset,</strong></span> <span class='ocrx_word' id='word_1_150' title='bbox 1136 3515 1171 3574; x_wconf 84' lang='lat' dir='ltr'><strong>ut</strong></span> <span class='ocrx_word' id='word_1_151' title='bbox 1192 3513 1226 3574; x_wconf 90' lang='lat' dir='ltr'><strong>in</strong></span> <span class='ocrx_word' id='word_1_152' title='bbox 1249 3511 1424 3576; x_wconf 83' lang='lat' dir='ltr'><strong>Academia</strong></span> 
     </span>
     <span class='ocr_line' id='line_1_23' title="bbox 304 3635 1423 3721; baseline 0.004 -22"><span class='ocrx_word' id='word_1_153' title='bbox 304 3635 602 3721; x_wconf 83' lang='lat' dir='ltr'><strong>Lugduno-Batava</strong></span> <span class='ocrx_word' id='word_1_154' title='bbox 621 3655 787 3719; x_wconf 89' lang='lat' dir='ltr'><strong>supremos</strong></span> <span class='ocrx_word' id='word_1_155' title='bbox 808 3635 944 3699; x_wconf 91' lang='lat' dir='ltr'><strong>honores</strong></span> <span class='ocrx_word' id='word_1_156' title='bbox 964 3640 1112 3719; x_wconf 89' lang='lat' dir='ltr'><strong>peterem,</strong></span> <span class='ocrx_word' id='word_1_157' title='bbox 1132 3657 1161 3699; x_wconf 79' lang='lat' dir='ltr'><strong>v,</strong></span> <span class='ocrx_word' id='word_1_158' title='bbox 1174 3637 1211 3700; x_wconf 91' lang='lat' dir='ltr'><strong>cl.</strong></span> <span class='ocrx_word' id='word_1_159' title='bbox 1232 3636 1261 3700; x_wconf 85' lang='lat' dir='ltr'><strong>J.</strong></span> <span class='ocrx_word' id='word_1_160' title='bbox 1274 3636 1423 3704; x_wconf 87' lang='lat' dir='ltr'><strong>Leeuwe·</strong></span> 
     </span>
     <span class='ocr_line' id='line_1_24' title="bbox 305 3763 1423 3846; baseline 0.002 -21"><span class='ocrx_word' id='word_1_161' title='bbox 305 3763 389 3843; x_wconf 91' lang='lat' dir='ltr'><strong>nius,</strong></span> <span class='ocrx_word' id='word_1_162' title='bbox 418 3781 514 3844; x_wconf 90' lang='lat' dir='ltr'><strong>quem</strong></span> <span class='ocrx_word' id='word_1_163' title='bbox 545 3765 779 3845; x_wconf 89' lang='lat' dir='ltr'><strong>praeceptorem</strong></span> <span class='ocrx_word' id='word_1_164' title='bbox 813 3779 869 3844; x_wconf 90' lang='lat' dir='ltr'><strong>per</strong></span> <span class='ocrx_word' id='word_1_165' title='bbox 901 3763 1044 3844; x_wconf 93' lang='lat' dir='ltr'><strong>quinque</strong></span> <span class='ocrx_word' id='word_1_166' title='bbox 1068 3781 1169 3826; x_wconf 88' lang='lat' dir='ltr'><strong>annos</strong></span> <span class='ocrx_word' id='word_1_167' title='bbox 1193 3768 1305 3846; x_wconf 84' lang='lat' dir='ltr'><strong>gratus</strong></span> <span class='ocrx_word' id='word_1_168' title='bbox 1329 3763 1423 3827; x_wconf 90' lang='lat' dir='ltr'><strong>disci-</strong></span> 
     </span>
     <span class='ocr_line' id='line_1_25' title="bbox 306 3886 1425 3976; baseline 0.004 -26"><span class='ocrx_word' id='word_1_169' title='bbox 306 3887 403 3970; x_wconf 89' lang='lat' dir='ltr'><strong>pulus</strong></span> <span class='ocrx_word' id='word_1_170' title='bbox 428 3887 546 3968; x_wconf 87' lang='lat' dir='ltr'><strong>andivi,</strong></span> <span class='ocrx_word' id='word_1_171' title='bbox 569 3887 647 3950; x_wconf 91' lang='lat' dir='ltr'><strong>mihi</strong></span> <span class='ocrx_word' id='word_1_172' title='bbox 672 3888 782 3969; x_wconf 89' lang='lat' dir='ltr'><strong>suasit,</strong></span> <span class='ocrx_word' id='word_1_173' title='bbox 805 3892 841 3950; x_wconf 84' lang='lat' dir='ltr'><strong>ut</strong></span> <span class='ocrx_word' id='word_1_174' title='bbox 864 3887 898 3949; x_wconf 92' lang='lat' dir='ltr'><strong>in</strong></span> <span class='ocrx_word' id='word_1_175' title='bbox 911 3888 1036 3970; x_wconf 88' lang='lat' dir='ltr'><strong>scripti</strong></span> <span class='ocrx_word' id='word_1_176' title='bbox 1050 3886 1217 3953; x_wconf 87' lang='lat' dir='ltr'><strong>Lucianeis</strong></span> <span class='ocrx_word' id='word_1_177' title='bbox 1230 3906 1425 3976; x_wconf 88' lang='lat' dir='ltr'><strong>quaererem,</strong></span> 
     </span>
    </p>
   </div>
   <div class='ocr_carea' id='block_1_7' title="bbox 337 4204 962 4372">
    <p class='ocr_par' dir='ltr' id='par_1_9' title="bbox 337 4204 962 4372">
     <span class='ocr_line' id='line_1_26' title="bbox 341 4204 536 4272; baseline 0.01 -17"><span class='ocrx_word' id='word_1_178' title='bbox 341 4204 536 4272; x_wconf 56' lang='lat' dir='ltr'><strong>bffipffi</strong></span> 
     </span>
     <span class='ocr_line' id='line_1_27' title="bbox 337 4296 962 4372; baseline 0 -24"><span class='ocrx_word' id='word_1_179' title='bbox 337 4296 366 4359; x_wconf 73' lang='lat'><strong>2)</strong></span> <span class='ocrx_word' id='word_1_180' title='bbox 384 4297 438 4351; x_wconf 79' lang='lat' dir='ltr'><strong>Cir.</strong></span> <span class='ocrx_word' id='word_1_181' title='bbox 453 4299 528 4349; x_wconf 86' lang='lat' dir='ltr'><strong>index</strong></span> <span class='ocrx_word' id='word_1_182' title='bbox 546 4299 673 4349; x_wconf 84' lang='lat' dir='ltr'><strong>librorum</strong></span> <span class='ocrx_word' id='word_1_183' title='bbox 689 4299 717 4349; x_wconf 92' lang='lat' dir='ltr'><strong>in</strong></span> <span class='ocrx_word' id='word_1_184' title='bbox 736 4296 788 4349; x_wconf 83' lang='lat' dir='ltr'><strong>fine</strong></span> <span class='ocrx_word' id='word_1_185' title='bbox 804 4298 863 4350; x_wconf 89' lang='lat' dir='ltr'><strong>diss.</strong></span> <span class='ocrx_word' id='word_1_186' title='bbox 960 4367 962 4372; x_wconf 21' lang='grc' dir='ltr'>ι</span> 
     </span>
    </p>
   </div>
   <div class='ocr_carea' id='block_1_8' title="bbox 0 0 1666 5236">
    <p class='ocr_par' dir='ltr' id='par_1_10' title="bbox 0 0 1666 5236">
     <span class='ocr_line' id='line_1_28' title="bbox 0 0 1666 5236; baseline 0 0"><span class='ocrx_word' id='word_1_187' title='bbox 0 0 1666 5236; x_wconf 95' lang='lat' dir='ltr'><strong> </strong></span> 
     </span>
    </p>
   </div>
  </div>
 </body>
</html>
