3328 5234
809 555 871 619 110

284 763 390 829 verbis
413 782 549 828 exorsus
572 766 637 828 est:
663 761 873 846 „Thessaliam
894 783 936 829 en
955 766 1082 848 negotio
1098 764 1267 845 peresam.”
1287 765 1405 831 Lucia-

285 909 348 954 nus
383 889 522 972 denique
552 888 591 953 de
621 887 852 954 fabulatoribus
883 890 918 952 in
950 891 1140 955 uuiversum
1165 891 1263 956 verba
1286 891 1408 958 faciens

286 1015 370 1099 (Ver.
390 1015 472 1079 Hist.
490 1016 520 1095 3)
540 1018 691 1079 testetur:
711 1012 814 1079 πολλοὶ
834 1013 1023 1096 συνέγραψαν
1044 1017 1081 1089 ὥς
1101 1015 1135 1090 δή
1158 1040 1239 1090 τινας
1258 1017 1407 1081 ἑαυτῶν
1451 987 1455 992 ¹

285 1138 405 1212 πλάναις
436 1138 485 1204 ael
516 1137 695 1216 ἀποδημίας.
728 1139 820 1205 Patet
850 1160 925 1226 ergo
955 1143 1256 1229 paradoxogrephos
1279 1164 1345 1208 non
1368 1145 1408 1210 de

183 1249 186 1256 ’
291 1267 372 1349 aliis,
396 1265 452 1330 sed
476 1265 515 1329 de
538 1283 572 1331 se
594 1266 673 1349 ipsis
697 1267 886 1332 narravisse.
905 1300 907 1308 ·

330 1389 470 1454 Tertium
494 1389 608 1454 deinde
631 1389 752 1455 Rohdei
776 1396 1001 1475 argumentum
1026 1394 1086 1457 hoc
1107 1399 1172 1458 eet:
1198 1393 1411 1476 „Sicherver-

287 1516 371 1580 bend
394 1513 514 1579 Luciam
539 1516 596 1579 mit
620 1515 692 1580 dem
715 1515 828 1581 Zweclr
852 1518 939 1582 einer
958 1519 1184 1603 persiinlichen
1203 1519 1305 1584 Satira
1325 1540 1409 1605 ganz

286 1641 505 1707 nornehmlich
527 1641 610 1704 auch
634 1641 705 1724 den,
724 1641 775 1706 die
795 1640 1050 1708 Deisideemonie
1062 1643 1406 1730 seinorZeitgenossen

289 1770 335 1833 im
358 1767 578 1853 Aligemeinen
602 1787 644 1831 zu
666 1766 875 1865 persifliren.''

335 1894 423 1971 Quae
446 1914 520 1959 cum
543 1893 702 1977 scriberet,
724 1894 764 1958 ad
788 1894 865 1959 deae
888 1894 999 1977 Syriae
1023 1897 1202 1962 secerdotes
1226 1916 1245 1961 e
1265 1895 1410 1961 Lucieno

290 2023 372 2086 mele
395 2026 544 2086 tractatos
567 2021 747 2104 respexisse
770 2021 848 2084 mihi
872 2021 1008 2105 videtur,
1032 2023 1088 2087 sed
1112 2041 1239 2107 quaero,
1261 2024 1412 2106 numqui

292 2151 427 2234 scriptor
449 2149 628 2233 impudicos
651 2149 809 2212 antistites
827 2149 953 2232 laceret,
970 2150 1117 2233 religioni
1138 2167 1267 2234 quoque
1288 2149 1412 2214 bellum

292 2275 404 2341 debeat
426 2275 578 2339 indicere.

338 2400 462 2478 Quibus
490 2399 614 2465 Rohdei
644 2401 840 2484 argumentis
870 2400 1007 2483 repulsis
1039 2400 1136 2465 simul
1162 2399 1262 2464 verba
1296 2399 1416 2484 Photii,

294 2531 350 2615 qui
379 2524 602 2603 δεισιδαιμονίαν
632 2527 754 2591 elusam
783 2545 853 2591 esse
875 2525 994 2608 scribit,
1018 2545 1084 2590 non
1107 2526 1148 2590 ed
1170 2525 1308 2591 litteram
1331 2527 1415 2590 ecci-

293 2654 410 2738 piende
444 2673 514 2719 esse
549 2653 704 2735 videmus,
735 2657 766 2718 θῖ
796 2653 978 2736 opinionem
1011 2652 1090 2715 mibi
1113 2669 1130 2716 θ
1152 2653 1256 2736 prima
1278 2651 1415 2717 lectione

294 2785 405 2863 ortam,
428 2781 567 2845 Asinum
590 2779 722 2843 hilarem
746 2797 815 2843 esse
839 2777 989 2860 fabulam,
1013 2779 1119 2848 adbuc
1145 2779 1292 2843 defendo.

262 2968 264 2974 .
339 2904 402 2970 Sed
425 2906 483 2989 qui
504 2905 623 2969 factum
647 2909 704 2987 est,
728 2910 764 2968 ut
786 2904 921 2969 Photius
946 2904 1139 2969 Graecorum
1152 2906 1413 2988 superstitionem
1507 2927 1510 2934 ·

296 3030 479 3096 aLuciano
504 3031 641 3095 derisam
665 2999 735 3095 esse
758 3029 934 3095 scriberet?

233 3197 236 3201 -
340 3155 484 3239 Photius,
515 3133 563 3219 ni
579 3155 679 3239 fallor,
710 3156 747 3219 ad
772 3156 833 3219 hoc
856 3156 970 3220 vitium
994 3156 1145 3241 delapsus
1169 3161 1225 3240 est,
1248 3157 1325 3240 quia
1348 3160 1415 3221 tota

296 3281 430 3347 Lucieni
465 3281 557 3380 epeia
591 3278 797 3362 πρεσβεύοντος
830 3280 935 3362 (Phot.
969 3281 1051 3346 Bibl.
1084 3302 1102 3346 c
1135 3283 1209 3366 128)
1241 3283 1348 3366 imago
1372 3301 1415 3348 ex

297 3410 368 3474 eliis
403 3407 553 3493 operibus
589 3408 654 3491 (κιῖι
687 3412 749 3480 τοῖς
779 3403 891 3490 ailoe)
926 3408 1103 3492 notissima,
1138 3409 1167 3473 ei
1198 3412 1271 3474 ante
1304 3409 1415 3474 oculos

299 3532 535 3601 obversabatur.

344 3659 414 3737 Qua
436 3661 538 3745 prima
559 3661 659 3745 igitur
682 3660 906 3745 disputationis
918 3659 1006 3744 perte
1018 3658 1163 3725 absoluta
1175 3663 1322 3724 accurate
1335 3659 1417 3723 mibi

299 3787 565 3854 considerandum
589 3791 645 3870 est,
667 3806 746 3851 num
770 3805 853 3870 quae
875 3786 1009 3854 Photius
1034 3786 1073 3851 de
1097 3786 1270 3870 exerpendi
1292 3787 1416 3850 ratione

299 3915 437 3997 tradidit,
463 3914 563 3998 magis
587 3914 626 3978 ad
650 3915 813 3978 veritatem
837 3914 902 4004 sint
925 3931 1087 3997 expressa.

344 4039 483 4125 Jamque
511 4040 603 4105 locus
633 4044 690 4124 est,
713 4043 750 4104 ut
771 4039 945 4124 Apuleium
967 4044 1081 4104 testem
1103 4038 1308 4123 proferamus.
1333 4037 1415 4104 Oum

301 4165 358 4232 diu
391 4168 475 4232 inter
506 4166 593 4232 viros
626 4166 735 4231 doctos
769 4166 809 4230 de
837 4167 968 4249 ratione,
1000 4183 1082 4249 quae
1107 4165 1191 4230 inter
1213 4153 1359 4230 Latinam
1386 4169 1420 4231 et

302 4290 455 4360 Graecam
486 4292 582 4358 Asini
614 4294 829 4358 narrationem
861 4292 1077 4376 intercederet,
1111 4297 1290 4378 pugnatum
1325 4296 1420 4378 esset,
