3328 5234
826 609 867 672 80

283 824 358 889 deos
392 825 504 888 hostiis
541 823 674 887 delinire
703 827 846 906 pergant,
879 823 1041 886 concludit
1068 827 1107 905 et,
1132 823 1218 906 quod
1242 823 1347 888 solum
1371 821 1404 885 ri

284 948 468 1029 πεπρωμένον
503 949 645 1012 accidere
680 951 791 1032 possit,
825 967 867 1012 ne
899 949 1105 1012 oraculorum
1137 947 1270 1012 vocibus
1293 967 1405 1012 aurern

285 1075 457 1160 praebeant
478 1075 655 1158 persuadet.
680 1072 797 1157 Magna
822 1092 951 1158 quoque
975 1072 1112 1155 Cynisco
1131 1074 1250 1155 inJ'uria
1269 1072 1406 1155 videtur,

285 1201 431 1264 homines
455 1204 528 1283 post
551 1204 687 1263 mortem
713 1198 753 1262 ob
772 1203 901 1283 peccata
921 1199 1023 1283 plecti,
1045 1201 1163 1283 quippe
1184 1203 1265 1283 quos
1288 1198 1404 1262 Fatum

284 1324 324 1389 ad
358 1323 499 1388 facinora
531 1324 742 1408 perpetranda
775 1326 939 1408 coegisset.
977 1322 1067 1399 Quae
1102 1325 1217 1388 ultima
1248 1326 1406 1388 sententia

285 1450 381 1514 etiam
416 1451 449 1512 in
485 1450 556 1514 dial.
592 1454 685 1514 mort.
717 1450 758 1513 30
794 1450 824 1530 (i.
838 1469 863 1514 e.
894 1452 929 1513 in
954 1465 1048 1534 opere
1071 1449 1251 1534 Menippen)
1275 1451 1405 1515 defensa

284 1577 458 1640 verisimile
481 1557 591 1640 reddit'
608 1575 782 1660 dialogum,
803 1575 860 1640 ubi
885 1575 1043 1656 Cyniscus
1067 1576 1188 1659 primas
1212 1577 1404 1660 egitpartes,

283 1703 323 1766 ad
346 1701 487 1786 Menippi
510 1702 700 1786 exemplum
729 1721 798 1766 esse
822 1704 1045 1786 compositum.

330 1827 418 1904 Quae
441 1833 549 1893 autem
573 1831 608 1893 in
632 1828 653 1892 J
655 1847 713 1892 ove
737 1827 906 1892 Consulatu
928 1833 1039 1892 contra
1058 1829 1192 1893 deorum
1212 1832 1403 1912 potestatem

283 1955 405 2039 prolata
436 1960 521 2038 sunt,
553 1955 664 2018 eadem
695 1956 730 2016 in
754 1955 928 2037 posteriore
949 1959 1037 2037 purte
1058 1952 1148 2018 Jouis
1170 1952 1322 2036 Tragoedi
1344 1954 1399 2035 (35

250 2089 255 2096 '
284 2100 389 2165 usque
423 2081 462 2144 ad
497 2080 607 2161 finem)
640 2081 804 2143 iterantur.
835 2078 959 2143 Deinde
989 2080 1044 2144 ille
1071 2080 1216 2163 dialogus
1240 2081 1401 2163 optimum

283 2208 375 2272 nobis
399 2208 629 2271 documentum
653 2205 804 2290 praebere
826 2210 938 2290 potest,
962 2207 1067 2290 qualis
1090 2205 1195 2269 forma
1218 2205 1400 2290 Menippea·

283 2353 356 2398 rum
392 2333 487 2397 fuerit
522 2334 703 2415 satirarum,
740 2351 822 2416 quae
857 2351 874 2396 e
909 2333 997 2416 poesi
1029 2337 1060 2395 et
1090 2331 1229 2415 pedestri
1252 2351 1401 2398 sermone

285 2459 438 2525 conflatae
461 2465 558 2543 erant,
581 2462 626 2523 ita
648 2464 686 2523 ut
708 2458 877 2543 Menippea
899 2459 996 2524 huius
1017 2477 1147 2542 quoque
1159 2459 1275 2543 dialogi
1287 2462 1402 2523 natura

285 2586 361 2649 satis
385 2591 469 2649 certa
493 2585 646 2649 videatur.

331 2711 393 2792 „At
428 2731 492 2794 quo
522 2715 578 2774 tua
600 2711 836 2795 argumentatio
860 2709 992 2793 tendit''‚
1013 2709 1094 2774 forte
1119 2710 1279 2793 quispiam
1304 2709 1402 2794 dicat,

287 2859 370 2922 „quo
391 2839 521 2904 vinculo
540 2838 685 2904 Deorum
711 2837 838 2921 Donoio,
862 2838 901 2902 de
921 2858 985 2922 qua
1008 2836 1198 2920 loquebaris,
1219 2855 1293 2900 curn
1320 2836 1402 2918 „Jo-

285 2962 399 3028 vibus”
423 2969 471 3028 est
494 2962 714 3047 conjuncta?''

329 3089 442 3154 Statim
467 3091 526 3154 hoc
550 3090 783 3174 diagrammate
805 3089 1020 3173 respondebo:

439 3279 581 3345 Deorum
607 3280 723 3346 Concio
792 3281 868 3346 :J
871 3302 921 3366 up.
943 3279 1032 3365 Trag.
1058 3280 1176 3343 1-35.

440 3405 567 3490 Jupiter
590 3406 921 3492 Confutatuszdup.
943 3407 1032 3491 Trag.
1058 3405 1255 3471 35—finem.
1331 3498 1337 3511 .

328 3590 416 3670 Quae
440 3611 514 3688 oum
539 3595 584 3658 ita
603 3595 675 3678 sint,
691 3601 802 3660 utrum
818 3594 1014 3677 Cynicorum
1028 3595 1143 3658 satirae
1155 3614 1196 3658 an
1210 3593 1401 3660 comoediae

282 3718 424 3784 Deorum
461 3718 652 3785 Ooncionem
686 3727 795 3786 auctor
819 3721 941 3805 debeat,
966 3720 1061 3784 hodie
1085 3739 1150 3783 non
1174 3720 1312 3804 amplius
1336 3721 1400 3786 dis-

283 3865 411 3912 cernere
444 3847 535 3927 licet;
571 3849 605 3910 in
639 3846 721 3912 Jove
752 3854 858 3913 autern
881 3847 1043 3932 Tragoedo
1073 3847 1217 3912 formae
1240 3850 1402 3914 vinctaet

283 3973 388 4037 soluta
410 3974 551 4037 oratione
575 3978 725 4039 constans
747 3995 766 4038 a
789 3974 938 4058 Menippo
963 3974 1136 4057 desumpta
1155 3978 1203 4038 est
1223 3980 1253 4040 et
1271 3977 1306 4040 in
1317 3975 1400 4041 Jove

283 4097 452 4163 Confutato
487 4097 644 4180 Dyniscus
679 4102 858 4184 primarum
892 4105 980 4165 actor
1013 4101 1052 4164 ad
1083 4101 1216 4165 eandem
1242 4103 1399 4187 originem

282 4226 467 4291 referendus
491 4227 569 4290 mihi
591 4226 727 4292 videtur.

325 4355 370 4419 At
404 4355 518 4419 horum
548 4355 702 4420 librorum
732 4358 854 4442 origine
877 4358 912 4420 in
936 4356 1044 4420 medio
1067 4357 1186 4440 relicta,
1216 4356 1397 4424 Lucianum
