3328 5234
239 789 335 854 verba
369 795 434 854 tam
468 792 579 874 gravia
612 795 697 874 sunt,
731 793 768 853 ut
800 789 839 853 ad
871 791 1091 873 quaestionem
1123 788 1358 871 diJ'udicandam

234 935 366 1000 prorsus
391 914 559 981 sufficiant

282 1042 362 1119 Quis
385 1045 471 1108 enim
495 1048 561 1108 erat
583 1043 637 1107 ille
661 1041 848 1106 Sostratus?

279 1167 477 1233 Fritzsohius
511 1168 666 1252 peculiari
700 1167 923 1252 disquisitione
957 1167 1015 1248 ,de
1038 1165 1172 1230 Luciani
1197 1166 1359 1231 Sostrato”

237 1297 452 1377 conjecturam
486 1294 722 1360 Hemsterhusii
757 1298 887 1359 secutus
919 1292 1096 1358 Sostratum
1128 1294 1231 1376 illurn,
1265 1294 1359 1357 ouius

236 1421 328 1484 initio
351 1418 594 1501 „Demonactis”
618 1421 736 1484 mentio
759 1419 804 1502 fit,
826 1419 962 1483 eundem
987 1418 1096 1500 fuisse,
1120 1437 1216 1502 quem
1241 1437 1359 1482 memo-

236 1550 309 1609 rant
338 1545 552 1610 Philostratus
587 1545 662 1626 (Vit.
686 1545 780 1630 Soph.
805 1546 922 1628 2‚1,7)
946 1549 977 1608 et
998 1544 1176 1608 Pausanias
1200 1546 1242 1628 (l,
1256 1547 1307 1629 32,
1319 1548 1360 1629 4),
1427 1552 1430 1556 ’

235 1672 343 1736 lucide
366 1673 511 1736 ostendit.
535 1672 634 1736 Illum
656 1672 788 1736 Boeotia
812 1672 994 1754 oriundum,
1017 1692 1036 1735 a
1060 1671 1182 1735 colonis
1205 1672 1360 1756 Agathio-

236 1817 310 1863 nem
348 1804 507 1882 vocatum,
538 1818 572 1863 se
596 1799 691 1863 heroa
715 1797 934 1863 Marathonem
958 1808 1080 1884 patrem
1103 1798 1229 1882 habere,
1252 1772 1359 1881 ipsum

237 1924 435 2006 praedicasse
470 1929 609 1987 narrant.
634 1924 712 1988 Erat
734 1925 829 1988 homo
854 1930 944 1988 vasta
966 1924 1107 2007 corporis
1131 1923 1361 2007 magnitudine,

238 2053 304 2134 qui,
337 2071 410 2115 oum
443 2051 504 2115 sub
536 2051 609 2115 divo
641 2056 827 2135 pernoctare
850 2056 881 2115 et
902 2051 996 2114 fortia
1018 2050 1159 2114 facinora
1181 2056 1362 2134 perpetrare

238 2178 362 2260 soleret,
393 2177 567 2243 Herculem
600 2179 693 2262 quasi
717 2177 902 2260 exemplum
927 2175 989 2240 sibi
1012 2182 1229 2260 proposuerat.
1254 2175 1361 2240 Conti-

237 2305 379 2368 nentiam
403 2323 460 2388 pro
485 2322 612 2368 summo
637 2302 721 2366 bono
744 2308 871 2385 putans,
894 2321 912 2364 a
935 2303 1011 2364 vino
1035 2301 1183 2385 religiose
1207 2321 1241 2366 se
1265 2300 1361 2365 absti-

238 2429 341 2513 nebat,
365 2448 425 2493 neo
448 2448 514 2493 non
536 2450 555 2493 a
577 2428 714 2510 feminis,
738 2446 819 2510 quas
838 2426 916 2490 adeo
938 2426 1055 2509 oderat,
1076 2432 1112 2490 ut
1133 2427 1361 2510 quodcumque

238 2557 417 2640 attigerant,
449 2554 545 2639 quasi
573 2553 733 2636 pollutum
758 2553 880 2615 vitaret.
906 2551 987 2615 Cum
1010 2571 1029 2614 0
1052 2552 1174 2615 00101110
1198 2552 1361 2635 quondam

238 2682 377 2766 hospitio
409 2687 558 2764 acceptus
583 2679 640 2762 lac,
665 2679 752 2762 quod
775 2671 1000 2761 praebuerunt,
1023 2678 1063 2741 ad
1087 2696 1181 2742 nares
1204 2677 1363 2740 admovis-

239 2812 295 2890 set,
318 2807 349 2870 οὐ
372 2804 494 2886 καθαρὸν
517 2805 549 2869 τὸ
572 2803 668 2883 polla,
693 2802 876 2885 προσβάλλει
895 2802 953 2884 γάρ
973 2827 1013 2880 με
1032 2802 1099 2883 χεὶρ
1119 2803 1255 2882 001011κό0
1279 2804 1363 2867 dixit

240 2937 271 2996 et
294 2932 396 3015 gratia
420 2931 458 2995 de
482 2949 581 2995 coena
599 2931 683 2994 facta
706 2932 794 2994 abiit.
837 2943 838 2946 ’

284 3055 364 3132 Quis
396 3061 452 3139 est,
485 3057 540 3139 qui
564 3056 672 3119 credat
693 3054 882 3138 Lucianum,
907 3055 1025 3139 quippe
1048 3057 1105 3139 qui
1128 3074 1255 3120 omnem
1278 3057 1364 3120 inso-

237 3182 368 3246 lentiam
393 3188 424 3246 et
448 3183 661 3247 rusticitatem
685 3181 869 3264 despiceret,
893 3182 1066 3264 hominem,
1087 3183 1144 3265 qui
1156 3187 1221 3245 tam
1233 3183 1363 3264 ineptus

238 3308 430 3371 feminarum
468 3325 542 3370 osor
576 3311 668 3388 esset,
703 3306 814 3370 eodem
849 3311 999 3390 tempore,
1031 3325 1094 3389 quo
1126 3303 1365 3390 Demonactem,

240 3432 396 3516 singulari
419 3433 575 3497 extulisse
599 3431 734 3496 libello?

287 3559 534 3640 ,Assentiamur
568 3558 698 3642 igitur,’'
722 3559 807 3622 dicat
830 3560 1000 3643 quispiam,
1026 3559 1368 3645 ἩΒο1110001111111101ο,

240 3685 417 3768 quiritum
443 3683 649 3750 Demonactis
674 3705 692 3748 0
713 3684 847 3749 verboso
870 3686 1008 3770 quodam
1021 3687 1147 3751 rhetore
1158 3687 1365 3770 compositam

239 3829 310 3875 esse
333 3811 454 3895 putat.'’

283 3934 329 3998 At
352 3935 496 3999 nondum
520 3953 635 3998 manus
659 3934 765 4017 trado,
781 3935 975 4020 quibusdam
988 3937 1115 4001 indiciis
1128 3942 1234 4003 motus
1246 3938 1366 4002 librum

238 4058 381 4124 Luciano
406 4061 569 4124 vindicare
593 4059 633 4124 ad
656 4064 838 4125 extremum
861 4067 993 4145 paratus
1018 4082 1099 4126 sum.

286 4185 366 4262 Quis
402 4188 487 4250 enim
524 4206 590 4250 non
623 4187 731 4266 statim·
762 4187 868 4269 verba,
900 4189 1008 4271 qualia
1038 4189 1072 4251 in
1107 4188 1179 4269 §21
1205 4189 1368 4274 leguntur,

174 4371 176 4377 .
240 4311 384 4376 Luciano
408 4313 590 4396 gratissima
612 4311 712 4374 fuisse
725 4313 895 4376 concedit?
907 4313 971 4377 Ubi
985 4311 1152 4377 Demonax
1165 4333 1183 4376 a
1194 4312 1367 4398 Peregrino
