3328 5234
766 578 807 641 69

227 787 448 866 ἐγκατακλινεὶς
480 789 548 866 μετ’
581 787 676 866 ὀλίγον
706 786 806 867 χρόνον
830 787 1041 865 ἀναβεβίωκεν.
1066 788 1228 856 Lucienus
1253 787 1346 864 dursac

227 915 259 978 ἐκ
288 913 410 994 ζοφεροῦ
442 937 515 984 τινος
545 913 625 994 θέρος
652 918 703 978 τοῦ
736 913 800 992 βίον
831 917 883 978 τοῦ
905 911 1022 994 πρόσθεν
1046 914 1085 987 εἷς
1108 915 1215 992 αἰθρίαν
1238 914 1346 980 τεκαὶ

228 1037 311 1117 μέγα
335 1043 399 1120 Φῶς
420 1037 596 1119 ἀνέβλεψεν,
617 1037 691 1104 dors
710 1045 762 1104 τοῦ
781 1041 939 1121 ὀφθαλμοῦ
959 1039 1015 1118 μέν
1033 1039 1085 1104 καὶ
1105 1047 1158 1114 τῆς
1178 1041 1239 1123 περὶ
1259 1042 1348 1107 αὐτὸν

227 1165 374 1238 θσθενεέας
398 1164 616 1244 ἐπελανθάνετο,
642 1165 695 1238 τὴν
718 1166 748 1230 δέ
772 1164 877 1246 ψυχὴν
900 1163 1128 1248 ὀξυδερκέστερος
1151 1167 1231 1232 κατὰ
1251 1169 1349 1246 μικρὸν

227 1292 360 1371 ἐγίγνετο
384 1296 438 1378 (4).

270 1421 329 1487 Ille
352 1422 430 1487 felix
446 1423 576 1504 juvenis
597 1422 681 1505 apud
702 1423 859 1485 cornicum
878 1423 987 1502 Φρονῶν
1006 1427 1098 1485 λαλεῖ
1111 1421 1160 1485 καὶ
1184 1431 1348 1508 περιπατεῖ,

226 1547 389 1613 Lucienus
413 1546 554 1627 μακοθρνος
577 1545 772 1626 γεγενημένος
794 1545 846 1611 καὶ
869 1551 955 1611 τοῦτο
979 1545 1014 1619 tt
1037 1547 1070 1610 τὸ
1095 1547 1156 1611 cirri
1175 1554 1348 1623 tricennaria

227 1671 328 1752 ὄνομα,
351 1673 521 1753 τρισόλβιος,
542 1671 630 1745 ἔνθεος
651 1672 703 1737 καὶ
724 1671 834 1750 μεθύων
854 1673 909 1737 ὑπο
928 1676 985 1737 τῶν
997 1670 1091 1750 λέγων
1102 1672 1285 1755 περιέρχεται
1298 1677 1350 1757 (5).

271 1801 323 1883 At,
345 1801 420 1865 lieet
445 1801 530 1884 apud
553 1805 728 1884 utrumque
753 1801 938 1883 scriptorem
955 1801 1086 1883 juvenis
1105 1802 1250 1884 magistri
1262 1821 1349 1885 prae-

230 1929 330 2012 ceptis
354 1924 515 2007 τρισόλβιος
539 1928 589 2010 sit,
612 1931 717 1991 tamen
743 1925 959 2008 fragmentum
980 1925 1058 1988 mihi
1078 1927 1175 1989 nimis
1193 1927 1350 1991 incertum

232 2055 369 2137 videtur,
405 2073 500 2136 quam
536 2058 572 2117 ut
603 2053 642 2116 ad
675 2052 762 2116 aliud
793 2071 873 2136 opus
903 2050 1176 2134 interpretandum
1208 2049 1350 2116 adhiberi

228 2179 337 2264 possit

273 2304 432 2390 Longiore
465 2306 581 2388 potius,
616 2304 680 2386 sed,
714 2307 750 2367 ut
780 2322 881 2386 sper0,
905 2304 1038 2367 certiore
1062 2304 1123 2386 via,
1146 2277 1249 2368 meam
1274 2322 1349 2366 con-

229 2433 386 2514 jecturam
426 2430 561 2514 probare
603 2429 750 2513 conabor,
785 2430 978 2512 inquirendo
1014 2449 1093 2493 num
1130 2430 1184 2493 alii
1221 2449 1349 2514 quoque

230 2558 356 2641 dialogi,
391 2559 447 2640 qui
483 2556 640 2640 duplicem
675 2557 829 2639 originem
859 2556 1006 2639 produnt,
1029 2575 1103 2619 cum
1126 2554 1261 2638 Nigrino
1284 2557 1349 2619 sint

213 2683 445 2768 comparandi,
489 2702 586 2764 quam
628 2683 906 2764 investigationem
941 2688 977 2745 ut
1010 2680 1136 2745 facilius
1170 2683 1349 2765 instituam,

230 2813 331 2894 primo
362 2811 396 2872 in
432 2807 550 2892 quibus
585 2807 734 2891 operibus
767 2806 930 2872 Lucienus
965 2810 1103 2872 comicos
1138 2812 1268 2873 secutus
1300 2811 1349 2890 sit,

232 2936 345 3001 deinde
375 2937 409 2998 in
442 2934 559 3018 quibus
584 2934 768 3018 exemplum
793 2934 934 3018 Menippi
957 2953 1086 2999 cernere
1109 2934 1211 3019 liceat,
1237 2936 1348 3001 sedulo

231 3060 395 3146 indagabo.

300 3279 327 3340 5.
356 3273 405 3339 Dc
428 3273 566 3356 dialogis,
588 3275 625 3337 ν’νν
647 3272 757 3357 quibas
780 3277 965 3355 argumento
987 3274 1102 3338 comica
1123 3273 1283 3338 Ιναοθοννννε

606 3389 821 3452 retractavisse
842 3386 971 3451 νοθείαν.

172 3655 177 3662 .
274 3575 453 3639 Lucianum
477 3577 647 3658 scriptores
671 3575 810 3638 comicos
834 3573 914 3638 bene
938 3571 1099 3657 pernosse,
1121 3574 1196 3638 inde
1220 3575 1348 3639 conclu-

233 3699 305 3764 dere
339 3719 521 3783 possumus,
552 3699 638 3782 quod
662 3718 727 3761 non
752 3698 854 3763 solum
879 3701 1022 3782 respexit
1046 3700 1085 3763 ad
1109 3699 1242 3784 fabulas,
1267 3720 1350 3785 quae

233 3828 300 3890 sive
330 3829 471 3910 integrae
502 3829 676 3910 supersunt
707 3828 776 3889 sive
805 3824 898 3889 titulo
923 3830 1007 3889 certe
1031 3831 1125 3890 notae
1151 3831 1228 3890 sunt
1252 3827 1350 3908 (Aves

231 3953 391 4036 Aristoph.
415 3952 489 4016 Ver.
512 3950 595 4015 Hist.
621 3953 648 4012 l.
673 3952 723 4013 29.
744 3949 854 4014 Nubes
870 3942 955 4015 Piso.
977 3953 1018 4013 25
1039 3948 1158 4014 Βθννταν
1181 3952 1349 4036 Eupolidis

234 4079 302 4141 adv.
336 4077 401 4141 ind.
434 4079 496 4158 27),
528 4077 583 4141 sed
607 4095 701 4159 saepe
723 4075 920 4159 imaginibus
944 4078 1055 4160 utitur,
1079 4098 1162 4162 quae
1185 4079 1226 4142 ad
1250 4084 1349 4144 artem

234 4205 390 4269 scenicam
422 4205 580 4287 pertinent
610 4208 707 4286 atque
730 4204 769 4266 de
791 4202 983 4267 histrionum
1007 4203 1181 4268 virtutibus
1204 4225 1242 4269 cc
1264 4208 1351 4270 vitiis

234 4333 279 4395 ita
302 4331 453 4414 loquitur,
479 4335 513 4394 ut
534 4329 674 4394 dubitari
693 4332 838 4412 nequeat,
860 4331 937 4412 quin
959 4331 1101 4395 scenicas
1122 4333 1262 4396 actores
1283 4333 1353 4396 dili-
