3328 5234
866 621 923 684 98.

327 830 413 896 unde
442 829 623 896 Luoianum
654 850 816 898 censorem
840 830 961 894 factum
983 849 1054 896 esse
1077 833 1216 914 apparet,
1239 834 1336 913 atque
1357 829 1448 894 illam

330 959 449 1020 sectam
479 957 614 1039 primam
646 959 778 1041 notavit,
810 955 986 1042 quaesibi,
1010 957 1131 1021 urbano
1154 957 1286 1039 homini,
1309 956 1450 1020 maxime

328 1079 432 1144 taedio
456 1098 526 1145 esse
550 1080 692 1146 debebat.

372 1205 570 1291 Quapropter
615 1208 775 1292 Cynicum,
819 1210 876 1292 qui
908 1207 1035 1273 libellus
1069 1214 1221 1293 perpetua
1256 1208 1450 1290 Cynicorum

328 1331 469 1397 defensio
500 1333 643 1417 putanda
672 1338 729 1416 est,
760 1353 779 1397 a
800 1332 942 1398 Luciano
965 1353 1035 1399 esse
1060 1333 1250 1417 proiectum,
1272 1354 1334 1398 non
1358 1332 1451 1398 facile

327 1459 406 1523 milri
448 1460 621 1544 quisquam
661 1460 851 1544 persuadeat
891 1466 988 1544 atque
1029 1459 1221 1542 Byzantinis
1255 1458 1448 1525 testantibus

328 1582 479 1648 κινδυνεύει
510 1578 590 1657 οὗτος
621 1583 635 1648 ὃ
665 1585 751 1662 λόγος
780 1582 874 1650 ἄλλον
897 1608 947 1649 τοο
970 1585 1136 1663 νομισθῆναι
1159 1584 1211 1650 aul
1235 1587 1266 1651 οὐ
1289 1589 1450 1650 Λουκιανοῦ

327 1710 464 1776 libenter
494 1713 658 1777 assentior.
690 1709 784 1788 Quod
806 1712 1015 1778 subditioium
1039 1732 1120 1796 opus
1144 1712 1355 1796 compositum
1378 1730 1451 1778 esse

329 1839 484 1919 acynioo
507 1837 702 1922 philosopho,
727 1839 785 1922 qui
814 1838 948 1902 crimina
970 1838 1006 1900 in
1028 1857 1121 1902 suam
1145 1843 1264 1903 sectam
1277 1835 1450 1902 aLuciano

327 1961 449 2045 prolata
478 1961 668 2045 redarguere
701 1967 878 2040 conaretur,
910 1961 996 2026 haud
1023 1962 1233 2047 improbanda
1256 1967 1303 2028 est
1326 1964 1452 2046 conjec-

327 2090 401 2152 tura
434 2086 610 2169 Fritzschii,
642 2087 698 2170 qui
730 2106 908 2152 sermonem
941 2106 1069 2171 quoque
1100 2109 1119 2153 a
1150 2089 1277 2153 satirico
1307 2087 1451 2152 alienum

333 2234 403 2281 esse
422 2215 587 2298 judicavit
612 2213 684 2298 (Gir.
708 2214 810 2280 Praef.
834 2216 874 2279 ad
896 2215 1002 2299 Fugit.
1026 2214 1085 2280 Ed.
1109 2213 1273 2296 Fritzsch.)

371 2342 416 2405 At
437 2359 607 2426 pergamus
630 2341 669 2405 ad
690 2339 809 2405 librum
833 2339 871 2404 de
894 2346 989 2405 morte
1013 2339 1188 2423 Pereyriui,
1213 2338 1269 2403 ubi
1288 2337 1450 2422 flagitiosa

326 2469 415 2533 illius
447 2466 560 2549 Cynici
583 2469 649 2532 vita
671 2469 767 2554 longa
789 2468 968 2552 explicatur
992 2469 1144 2551 oratione,
1167 2466 1282 2532 deinde
1304 2465 1452 2531 inaudita

329 2613 425 2678 mors,
448 2595 502 2658 cui
524 2594 592 2678 ipse
616 2592 778 2660 Lucienus
801 2594 919 2677 aderat,
941 2593 1082 2679 maligne
1105 2597 1261 2658 narratur.

374 2718 531 2804 Olympiis
555 2721 640 2785 enim
662 2720 702 2785 ad
725 2719 920 2785 Graecorum
944 2719 1099 2804 populum
1122 2740 1142 2784 a
1165 2719 1304 2804 quodam
1323 2719 1451 2783 concio·

328 2863 402 2909 nem
436 2844 544 2910 haberi
566 2845 667 2931 fingit,
690 2847 723 2910 in
749 2865 813 2930 qua
835 2849 901 2910 tcta
923 2844 1090 2930 Peregrini
1114 2865 1133 2909 a
1155 2845 1258 2928 prima
1277 2845 1450 2928 juventute

329 2971 394 3035 vita
425 2971 576 3036 omnibus
605 2973 774 3057 inquinata
803 2971 934 3056 flagitiis
966 2970 1166 3054 explanatur.
1201 2969 1329 3035 Patrem
1352 2971 1452 3034 inter-

328 3095 450 3180 fecisse,
473 3097 680 3182 moribusquo
703 3100 931 3183 impurissimis
954 3098 1076 3162 vixisse
1100 3097 1226 3178 dicitur,
1250 3101 1347 3180 atque
1367 3097 1452 3160 inter

329 3223 392 3288 alia
415 3225 645 3289 criminosum
670 3224 816 3310 objurgat
840 3229 954 3306 orator,
977 3223 1064 3308 quod
1083 3223 1280 3308 aliquamdiu
1300 3221 1452 3286 Christis-

330 3368 446 3414 norum
469 3349 566 3414 fidem
589 3351 757 3434 amplexus
777 3353 877 3415 nimia
896 3369 1007 3415 eorum
1020 3349 1207 3415 credulitate
1217 3349 1355 3432 pessime
1368 3351 1452 3414 esset

331 3475 461 3541 abusus.
488 3475 664 3561 Postquam
688 3497 763 3543 vero
785 3475 881 3542 ἐσθίων
904 3479 960 3540 τῶν
983 3473 1147 3556 ἀπορρήτων
1169 3474 1271 3546 αὐτοῖς
1294 3474 1448 3560 religione

331 3602 450 3668 violata
481 3602 667 3687 repudiatus
702 3608 759 3687 est,
789 3605 906 3668 iterum
937 3601 1094 3684 Cynicum
1126 3600 1267 3686 profiteri
1291 3601 1395 3684 coepit
1418 3605 1451 3666 et

330 3733 368 3792 ut
407 3730 608 3813 praeclarum
648 3728 745 3795 finem
784 3732 869 3794 vitae
910 3731 1096 3813 imponeret,
1129 3728 1216 3793 ludis
1252 3726 1451 3811 Olympiacis

332 3856 410 3920 anni
435 3856 497 3919 165
523 3856 736 3922 voluntariam
759 3861 893 3922 mortem
915 3857 990 3940 igne
1013 3853 1076 3920 sibi
1098 3855 1260 3920 conscivit.
1279 3852 1455 3938 Lucienus,

333 3983 391 4066 qui
419 3982 499 4048 festo
530 3983 646 4067 aderat,
676 3983 820 4050 inaudito
850 3984 911 4048 hoc
934 3981 1114 4066 spectaculo
1145 4000 1251 4047 carere
1274 3981 1387 4065 noluit,
1411 3985 1452 4063 ct,

332 4127 407 4174 eum
435 4109 470 4174 in
500 4109 640 4175 facinore
666 4109 747 4176 nihil
770 4110 833 4174 nisi
854 4110 1001 4176 insanam
1025 4107 1231 4174 ambitionem
1255 4112 1286 4173 et
1309 4111 1452 4172 ostenta·

329 4234 450 4299 tionem
480 4254 609 4302 cernere
636 4240 753 4321 posset,
775 4235 978 4303 acerbissime
1000 4236 1034 4300 in
1054 4234 1279 4320 philosophum
1298 4236 1446 4300 invectus

333 4362 390 4442 est
412 4356 499 4436 Quin
521 4362 617 4426 etiam
638 4361 735 4446 paulo
757 4362 903 4446 iniquius
927 4360 966 4426 de
988 4364 1096 4426 nostro
1116 4359 1289 4445 Peregrino
1309 4359 1446 4444 eiusque
