3310 5242
870 616 889 678 2

317 823 519 908 Graecorum,
555 827 612 910 qui
641 825 803 914 quondam
818 867 821 874 ,
835 827 917 890 inter
947 845 1057 890 omnes
1090 827 1210 910 summi
1230 825 1435 910 putabantur,

319 950 463 1016 socordia
497 971 533 1015 ac
567 953 945 1036 ignorantiar‘hominum
981 957 1036 1016 aut
1070 972 1201 1037 prorsus
1231 953 1436 1034 interiissent,

318 1081 374 1140 aut
403 1077 437 1139 in
460 1095 634 1160 paucarum
658 1076 839 1141 fabularum
864 1096 979 1161 corpus
1003 1049 1164 1141 conuecta
1186 1076 1285 1141 solam
1308 1082 1436 1161 propter

318 1201 453 1266 formam
487 1202 686 1286 gloriamque
719 1203 893 1292 pristinam
920 1204 954 1266 in
988 1204 1105 1268 scholis
1139 1204 1328 1294 legerentur,
1364 1207 1434 1266 tum

318 1329 412 1392 etiam
435 1327 597 1392 Lucienus
619 1330 648 1392 is
671 1333 746 1410 erat,
772 1329 828 1412 qui
852 1329 1025 1393 multorum
1050 1329 1159 1393 odium
1178 1333 1275 1412 atque
1295 1346 1434 1392 amorem

319 1471 447 1518 movere
468 1457 583 1537 posset.

363 1578 542 1644 (iratissimi
585 1577 772 1643 Christianis
808 1584 898 1643 erant
933 1580 1050 1664 dialogi
1085 1581 1214 1663 satirici,
1247 1581 1281 1644 in
1316 1580 1435 1665 quibus

317 1703 457 1770 Deorum
481 1705 607 1770 fabulae
631 1710 663 1770 et
685 1710 771 1770 totus
791 1708 994 1790 antiquorum
1007 1707 1175 1792 gentilium
1188 1706 1435 1770 oultusinludi-

318 1831 423 1897 brium
446 1831 626 1897 vocabatur.
650 1830 759 1896 Dolori
780 1832 895 1896 iisdem
919 1837 985 1896 erat
1003 1832 1174 1916 Lucianns,
1196 1835 1272 1916 quia
1291 1833 1435 1916 ipsorum

318 1977 448 2042 quoque
479 1958 663 2042 religionem
697 1962 728 2021 et
758 1977 919 2022 sacrorum
944 1958 1098 2022 librorum
1123 1959 1307 2042 dignitatem
1333 1957 1432 2022 abeo

318 2084 441 2148 elusam
468 2103 538 2149 esse
560 2083 780 2168 opinabantur.
805 2084 919 2148 Suidas
944 2086 987 2166 (in
1011 2104 1088 2149 voce
1114 2081 1280 2162 Λουκιανός)
1306 2086 1436 2168 scripto·

317 2231 384 2276 rem
404 2217 570 2297 propterea
592 2211 713 2276 acerbis
733 2213 886 2277 conviciis
907 2211 1058 2278 laceravit
1078 2217 1108 2279 et
1120 2213 1238 2296 passim
1250 2214 1285 2275 in
1298 2211 1434 2276 Scholiis

318 2368 412 2414 voces
433 2350 593 2434 leguntur,
616 2351 728 2434 quales
751 2355 843 2416 sunt:
868 2345 912 2414 oia
936 2357 1042 2432 ληρεῖς,
1067 2346 1087 2414 ὦ
1110 2349 1269 2438 κατάρατε,
1291 2348 1372 2415 carri
1383 2352 1435 2412 τοῦ

317 2470 441 2545 σωτῆρος
465 2469 585 2545 Χριστοῦ
610 2472 641 2531 et
664 2459 684 2528 ὦ
709 2463 823 2544 adrogo
845 2472 899 2539 τῆς
922 2466 1031 2530 aionien
1055 2465 1212 2538 κολάσεως.
1407 2547 1408 2551 ¹

279 2639 281 2642 -
360 2589 519 2655 Hereticis
542 2590 730 2672 Byzantinis
753 2591 915 2656 Lucienus
937 2592 1056 2657 fontem
1079 2591 1234 2677 praebuit,
1254 2592 1339 2656 unde
1360 2593 1435 2656 sati·

316 2718 374 2780 rici
398 2717 516 2801 dialogi
538 2718 672 2782 formam
695 2720 730 2782 in
753 2739 850 2784 suum
873 2739 969 2783 usum
990 2724 1173 2784 convertere
1193 2709 1431 2803 possd1t,quod

318 2839 550 2927 Phnopatris1)
594 2844 740 2927 ostendit,
774 2844 830 2908 ubi
850 2845 980 2929 ⁸dogma
1015 2845 1054 2909 de
1088 2844 1239 2909 Trinitate
1273 2842 1434 2908 Lucianeo

314 2941 443 3052 jocandi
466 2988 583 3053 genere
607 2970 775 3035 deridetur.

359 3094 508 3180 Denique
544 3096 702 3178 omnibuS,
737 3098 794 3180 qui
828 3101 906 3160 tunc
938 3099 1088 3181 temporis
1113 3097 1227 3161 litteris
1250 3115 1285 3161 se
1309 3095 1435 3178 dabant,

314 3221 477 3287 Lucienus
496 3222 654 3306 perfectus
674 3226 784 3286 auctor
804 3222 982 3306 videbatur,
1000 3224 1045 3287 ita
1066 3228 1101 3287 ut
1121 3223 1301 3288 multieum
1315 3223 1435 3287 imitari

318 3351 518 3430 conarentur,
553 3349 645 3411 cuius
678 3349 726 3412 rei
761 3348 988 3412 documentum
1022 3347 1152 3432 praebet
1187 3348 1331 3432 dialogus
1364 3345 1434 3410 Βίων

319 3475 423 3554 πρᾶσις
437 3475 460 3556 ²)
491 3474 532 3538 ad
561 3473 696 3538 Luciani
719 3474 902 3559 exemplum
926 3495 943 3538 a
965 3474 1127 3539 Theodoro
1150 3475 1325 3539 Prodromo
1350 3494 1434 3556 com-

319 3603 451 3684 positus.

360 3726 448 3791 Huic
472 3731 578 3791 autem
600 3727 854 3808 Byzantinorum
878 3748 952 3814 erga
970 3733 1115 3794 nostrum
1138 3731 1324 3813 scriptorem
1337 3747 1433 3793 curae

318 3856 414 3935 atque
437 3853 619 3936 diligentiae
642 3852 804 3936 debemus,
828 3861 864 3918 ut
888 3872 929 3919 ex
953 3854 1102 3919 omnibus
1126 3856 1210 3919 vitae
1228 3853 1434 3938 temporibus,

320 3999 384 4062 qua
406 3978 560 4063 longaeva
583 3999 662 4044 usus
686 3984 733 4045 est
757 3985 876 4064 auctor,
898 3981 1000 4044 multa
1023 3983 1092 4046 eius
1115 3980 1302 4046 fertilissimi
1313 3981 1435 4066 ingenii

350 4248 377 4315 1)
393 4250 498 4316 Legitur
514 4251 583 4303 inter
599 4251 812 4316 pseudclucianea
829 4266 913 4316 opera.

351 4341 379 4410 2)
397 4343 488 4395 Postea
503 4344 587 4396 fusius
603 4344 634 4394 de
651 4344 700 4396 hoc
716 4358 791 4409 opere
807 4344 950 4410 disputabo,
