3310 5242
761 569 798 632 11

212 770 276 837 bus
314 773 502 860 defenderet,
535 781 591 841 aut
622 779 717 843 etiam
743 779 865 862 judicia
895 785 988 847 antea
1010 782 1131 866 prolata
1154 785 1332 868 corrigeret.

257 898 308 964 Eo
340 899 455 984 libello,
480 905 536 986 qui
560 901 721 968 Somnium
744 905 806 968 siae
828 905 865 970 dc
888 907 953 970 otto
976 907 1170 991 inscribitur,
1194 909 1233 973 de
1254 927 1332 992 pue·

211 1026 287 1088 11116
311 1026 390 1090 dura
411 1028 568 1112 disseruit,
590 1051 686 1114 quam
710 1030 769 1094 sub
789 1032 974 1115 parentibus
995 1038 1026 1096 et
1045 1034 1204 1097 avunculo
1216 1054 1331 1118 passus

212 1155 299 1232 erat;
338 1152 450 1218 deinde
485 1157 644 1239 quomodo
675 1157 715 1220 ad
745 1163 844 1222 artem
881 1158 1018 1223 litteram
1043 1161 1084 1224 sit
1107 1167 1248 1242 vocatus,
1272 1159 1332 1224 sub

212 1277 344 1344 fabulae
366 1280 467 1345 forma
489 1285 645 1364 narravit3
669 1289 829 1367 postremo
853 1287 985 1370 gloriam
1009 1287 1212 1370 praedicavit,
1236 1307 1332 1371 quam

212 1424 271 1488 per
290 1406 483 1492 longinquas
503 1411 648 1493 regiones
667 1411 702 1472 in
713 1411 870 1474 rhetorica
883 1412 1061 1476 exercenda
1073 1419 1263 1477 consecutus
1277 1418 1332 1477 est.

258 1529 300 1593 In
333 1532 454 1616 dialogo
485 1533 548 1598 Bis
576 1534 730 1599 Acaasuto
762 1555 795 1600 se
818 1537 989 1600 admodum
1009 1539 1161 1620 juvenem
1185 1540 1220 1601 in
1242 1537 1334 1601 Ionia

213 1657 339 1721 vixisse
358 1665 472 1742 narrat,
492 1659 547 1724 ubi
567 1661 630 1725 illis
643 1661 839 1745 temporibus
852 1661 1008 1744 Smyrnae
1020 1668 1050 1726 61
1063 1662 1180 1747 Ephesi
1192 1665 1333 1728 rhetores

214 1803 345 1848 summa
377 1787 478 1870 gloria
512 1794 543 1852 61
577 1789 706 1852 1161111116
741 1787 938 1852 fruebantur.
981 1790 1086 1853 Annis
1118 1789 1255 1852 tirocinii
1290 1787 1335 1851 ibi

213 1913 353 1993 peractis
376 1913 563 1977 rhetoricam
588 1915 657 1998 ipse
670 1914 831 1997 professus
846 1914 1008 1978 Graeciam
1021 1915 1226 1998 perlustravit
1238 1920 1334 1998 atque

214 2036 311 2102 Ionio
341 2041 421 2102 mari
447 2042 576 2123 traJ'ccto
600 2042 695 2104 etiam
719 2041 751 2103 in
776 2040 867 2104 ltalia
892 2041 1073 2105 auditorum
1098 2043 1220 2106 animos
1244 2043 1277 2104 in
1301 2059 1335 2105 se

216 2165 382 2228 convertit.
406 2164 520 2248 Usque
543 2166 583 2228 ad
606 2185 726 2229 annum
739 2167 849 2230 aetatis
863 2166 1142 2250 quadragesimum
1156 2168 1205 2231 his
1218 2167 1333 2230 studiis

217 2309 252 2353 se
285 2289 446 2354 addictum
476 2290 577 2355 fuisse
604 2291 707 2355 tradit.
737 2290 826 2374 Tum,
850 2312 945 2375 quam
970 2293 1095 2356 inanem
1120 2298 1152 2356 61
1175 2293 1334 2375 turgidam

217 2421 319 2480 artem
337 2416 503 2499 coluisset,
527 2417 684 2481 intellexit
702 2422 732 2482 et
752 2418 791 2480 ad
815 2419 955 2500 dialogos
975 2419 1109 2499 transiit,
1130 2429 1211 2500 quos
1232 2416 1335 2480 Comi-

218 2563 331 2607 corum
356 2548 387 2608 et
408 2543 551 2628 Menippi
574 2545 679 2624 cynici
703 2544 849 2628 exemplo
873 2562 907 2608 se
930 2546 1149 2628 composuisse
1171 2544 1335 2629 gloriatur.

263 2671 304 2734 In
343 2671 467 2755 dialogo
502 2670 661 2734 Piscatorc
692 2670 823 2752 judicia,
857 2688 939 2753 quae
972 2670 1008 2732 in
1041 2670 1105 2733 illis
1140 2670 1269 2732 comicis
1305 2673 1336 2732 et

218 2799 342 2880 cynicis
377 2798 510 2881 dialogis
546 2802 656 2860 contra
689 2795 887 2861 venerabiles
921 2795 1124 2879 philosophos
1154 2794 1336 2878 protulerat,

218 2925 377 3007 corrigere
410 2925 527 2988 statuit.
562 2923 697 2986 Amicus
729 2921 947 3006 philosophiae
976 2920 1088 2997 factus,
1112 2939 1336 3004 quaecumque

217 3051 369 3134 aequales
405 3051 636 3133 delinquerent,
668 3068 702 3113 se
732 3050 825 3132 quasi
856 3066 1018 3112 censorem
1051 3052 1235 3110 notaturum
1268 3065 1338 3111 esse

218 3179 375 3261 promisit.

263 3303 376 3387 Neque
407 3303 532 3388 placida
562 3307 709 3366 senectus
731 3300 912 3366 Lucienum
936 3299 1100 3364 manebat:
1126 3320 1167 3365 ex
1190 3297 1339 3386 Apologia

90 3440 93 3469 ¹
217 3450 295 3494 eum
326 3431 423 3495 rebus
453 3431 597 3514 angustis
622 3433 776 3510 coactum,
799 3449 919 3493 munus
943 3427 1108 3512 publicum
1134 3426 1173 3490 ab
1196 3427 1339 3490 Alexan-

217 3557 306 3620 driae
337 3557 493 3641 praefecto
526 3557 654 3640 petiisse
687 3556 848 3618 discimus.
874 3553 966 3631 Quod
991 3573 1064 3616 cum
1089 3553 1222 3636 adeptus
1247 3556 1339 3633 esset,

217 3684 356 3747 maiores
381 3682 442 3746 sibi
466 3684 601 3746 honores
625 3682 764 3745 delatum
787 3682 828 3743 iri
852 3683 1000 3766 speravit,
1024 3680 1080 3744 sed
1102 3698 1188 3761 mox,
1207 3696 1340 3742 munere

218 3829 295 3874 cum
319 3809 463 3873 mercede
486 3809 640 3892 adempte,
664 3827 762 3872 senex
791 3806 958 3886 (Hercules
984 3807 1015 3888 8)
1043 3805 1149 3871 denuo
1173 3804 1213 3868 ad
1235 3804 1341 3868 rheto-

218 3938 302 4000 ricas
327 3935 568 4000 declamationes
592 3935 739 4019 delapsus
763 3939 818 3998 est.

265 4060 350 4137 Quid
373 4081 460 4124 nunc
485 4081 526 4126 ex
549 4062 598 4126 his
623 4068 774 4144 quattuor
797 4059 914 4126 libellis
938 4078 1013 4123 cum
1037 4063 1190 4141 quattuor
1209 4075 1340 4139 operum

219 4187 392 4274 generibus
416 4190 603 4272 comparatis
627 4188 734 4271 colligi
758 4189 886 4270 potest?

265 4315 289 4380 L
314 4314 426 4398 Usque
449 4315 488 4379 ad
512 4335 633 4379 annum
652 4314 936 4399 quadragesimum
956 4311 1119 4377 Lucienus
1131 4311 1239 4375 rhetor
1252 4329 1341 4374 man·
