3310 5242
769 615 809 677 13

222 824 372 890 Comicus
402 831 433 892 et
462 825 646 910 Menippum
678 830 808 890 secutus
832 845 849 890 e
873 826 997 891 rhetore
1021 846 1135 891 censor
1159 828 1341 911 aequalium

221 951 329 1016 factus
359 954 410 1018 sit.
441 952 615 1036 Postquam
647 952 761 1016 deinde
793 953 895 1035 capite
919 959 1032 1036 quarto
1057 972 1151 1036 opera
1175 950 1344 1035 Lucianea‚

223 1097 310 1162 quae
332 1079 415 1142 inter
438 1080 544 1142 omnia
568 1078 712 1142 habenda
736 1083 811 1141 sunt
833 1078 960 1160 eximia,
984 1080 1161 1161 percensui,
1181 1079 1342 1162 reliquum

141 1189 144 1194 ¹
222 1209 294 1267 erat
325 1208 359 1266 ut
390 1203 500 1286 quinto
533 1205 635 1288 capite
657 1203 818 1267 fortunam
844 1201 977 1266 Luciani
1002 1205 1087 1267 senis
1112 1205 1279 1268 miseratus
1304 1203 1343 1268 de

220 1331 266 1394 iis
290 1329 440 1414 operibus
461 1350 562 1414 pauca
584 1332 618 1394 in
639 1332 779 1395 medium
803 1330 985 1415 proferrem,
1009 1350 1090 1413 quae
1111 1330 1150 1394 ob
1170 1332 1341 1415 insipidam

220 1455 365 1520 indolem
389 1477 407 1521 a
429 1455 569 1521 Lucieno
589 1457 798 1540 abjudicanda
822 1476 892 1522 esse
914 1457 1072 1521 videntur.
1096 1456 1159 1521 Sed
1170 1461 1340 1541 antequam

222 1601 333 1646 meum
362 1584 558 1668 propositum
590 1585 724 1667 exsequi
756 1583 931 1667 adgredior,
961 1601 1064 1666 pauca
1096 1583 1134 1647 de
1155 1584 1237 1646 vitae
1260 1588 1340 1647 tem·

221 1725 301 1792 pore
336 1707 427 1772 nobis
459 1707 498 1772 ab
533 1709 673 1792 antiquis
708 1707 823 1771 tradita
860 1712 957 1789 atque
993 1724 1034 1771 ex
1069 1708 1171 1790 ipsius
1206 1705 1342 1771 Luciuni

222 1833 352 1915 scriptis
375 1832 506 1897 collecta
528 1834 736 1917 praemittam.

248 2108 278 2172 4.
301 2105 511 2172 Parteniorum
533 2108 708 2173 testimonio
731 2107 767 2172 dc
789 2107 854 2170 aito
875 2127 912 2170 oc
932 2105 1058 2185 scriptis
1081 2106 1217 2172 Lacetani
1240 2127 1310 2174 cum

290 2233 417 2297 indiciis
435 2254 472 2298 cc
490 2234 589 2314 dusius
606 2233 744 2298 auctoris
762 2232 902 2316 operibus
914 2231 1021 2315 petitis
1040 2240 1275 2313 comparantur.

270 2446 431 2530 Aequales
454 2452 486 2512 et
507 2466 570 2529 eoa,
593 2447 649 2530 qui
673 2445 780 2511 seculo
804 2446 949 2528 proxime
972 2447 1120 2528 sequenti
1141 2448 1341 2513 vitasrheto-

224 2591 298 2636 rum
332 2575 537 2658 scripserunt,
572 2573 717 2637 consulto
753 2590 870 2635 nomen
904 2555 1035 2634 Luciani
1070 2573 1246 2658 reticuisse,
1274 2576 1341 2656 jam

224 2719 321 2784 supra
355 2700 570 2764 animadverti.
602 2697 771 2763 Oblivione
802 2697 955 2761 multatus
988 2702 1036 2761 est
1067 2699 1225 2781 satiricus,
1251 2702 1337 2784 quod

223 2825 351 2889 inanem
386 2826 599 2910 sophistarum
623 2824 823 2906 disciplinam
847 2844 865 2886 a
889 2842 923 2888 se
947 2823 1100 2888 desertam
1125 2828 1339 2910 perstringere

225 2971 323 3015 ausus
342 2957 441 3032 esset3
461 2952 578 3016 frustra
596 2952 697 3040 igitur
715 2968 831 3014 nomen
852 2948 985 3013 Luciani
999 2952 1034 3012 in
1048 2949 1195 3013 Vitarum
1209 2970 1342 3034 corpore

225 3097 367 3161 quaeres,
398 3079 482 3161 quod
513 3077 644 3142 Flavius
676 3076 889 3141 Philostratus
921 3078 1028 3142 seculo
1061 3079 1152 3142 tertio
1183 3099 1211 3162 p.
1226 3078 1341 3143 Chrn.

225 3217 410 3299 composuit.

266 3339 332 3405 Sub
371 3340 467 3407 finem
510 3343 643 3408 demum
686 3343 786 3406 seculi
821 3343 925 3425 quarti
960 3340 1143 3426 Eunapium
1181 3345 1340 3410 dicentem

223 3469 384 3533 audimus:
418 3471 579 3544 Λουκιανὸς
615 3467 628 3531 ὁ
663 3468 695 3531 ἐκ
729 3465 915 3543 Σαμοσάτων
950 3467 1020 3548 ἀνὴρ
1055 3437 1212 3542 σπουδαῖος,
1243 3469 1272 3540 ἐς
1308 3471 1342 3536 τὸ

220 3595 404 3671 peraratum,
439 3592 644 3673 Δημώνακτος
675 3591 838 3674 φιλοσόφου
871 3593 938 3656 κοτ’
970 3593 1090 3666 ἐκείνους
1122 3594 1188 3666 τοὺς
1219 3593 1342 3673 χρόνους

221 3719 282 3797 βίον
312 3721 488 3802 ἀνέγραψεν,
521 3721 549 3784 ἐν
580 3719 673 3799 ἐκείνῳ
703 3743 736 3783 σε
766 3719 805 3799 τῷ
837 3718 945 3800 βιβλίῳ
968 3718 1021 3783 aa}
1044 3718 1144 3792 ἄλλοις
1168 3720 1342 3799 ἐλαχίστοις

220 3845 256 3910 δι’
275 3845 338 3911 ὅλον
361 3845 533 3919 raretum
557 3847 691 3931 (Eunap.
715 3847 858 3910 Proocm.
883 3867 912 3931 p.
937 3847 979 3930 4).

264 3973 327 4037 Ubi
347 3973 528 4039 Lucienum
552 3974 725 4039 Samosatis
749 3978 859 4037 natum
882 3973 1048 4056 aequalem
1072 3975 1174 4039 fuisse
1187 3974 1342 4042 videmus

217 4097 432 4184 DemonactiS,
467 4103 522 4184 qui
557 4119 620 4184 quo
655 4105 794 4184 tempore
825 4099 952 4181 vixerit,
983 4119 1001 4164 e
1033 4102 1099 4164 vitu
1131 4102 1213 4185 eius,
1239 4120 1340 4185 quam

218 4231 328 4309 postea
358 4232 551 4292 tractaturus
585 4246 665 4310 sum,
699 4224 869 4310 apparebit.
899 4226 1013 4290 Amico
1045 4229 1130 4291 enim
1161 4245 1244 4294 usus
1271 4248 1343 4295 esse

218 4349 387 4417 Demonax
420 4359 568 4417 narratur
601 4351 729 4417 Herode
761 4353 878 4436 Attico,
914 4354 971 4435 qui
1006 4354 1089 4417 circa
1121 4370 1250 4418 annum
1279 4354 1341 4418 lli
