3310 5242
848 555 889 617 50

307 765 469 850 dialogum
493 766 629 850 scriptus
651 764 771 831 fuisset.
798 765 967 848 „Gallum”
988 767 1030 831 ad
1040 769 1239 832 comicorum
1253 766 1422 851 exemplar

309 890 484 956 admodum
510 896 634 956 mature
658 894 872 977 compositum
897 891 1127 976 Schwarzius1)
1148 895 1255 959 eodem
1268 898 1424 977 tempore,

307 1036 372 1101 quo
396 1018 618 1082 Alexandrum
642 1018 893 1084 Pseudomantin
918 1022 1000 1103 (post
1019 1039 1141 1085 annum
1164 1019 1421 1102 180)aaniano

306 1144 485 1229 profectum
509 1164 579 1210 esse
598 1145 763 1229 judicavit.

332 1270 452 1336 ¹Maior
476 1272 571 1336 etiam
594 1273 678 1336 inter
701 1272 786 1336 viros
811 1272 919 1336 doctos
943 1273 1045 1338 oritur
1069 1273 1240 1356 tumultus
1258 1292 1334 1336 cnm
1355 1272 1420 1336 sin-

307 1396 458 1482 gulorum
490 1397 646 1462 librorum
670 1398 841 1462 consilium
867 1418 1025 1483 exponere
1049 1405 1213 1465 conentur.
1237 1399 1421 1486 Nigrinum,

307 1526 346 1587 ut
379 1523 483 1587 denuo
506 1522 656 1587 adhunc
679 1523 843 1608 dialogum
867 1525 1005 1608 redeam,
1029 1525 1133 1590 tribus
1157 1526 1291 1590 diversis
1314 1523 1419 1590 modis

306 1651 504 1736 interpretati
526 1655 618 1732 sunt3
642 1651 697 1714 alii
720 1670 804 1734 vero,
829 1653 904 1735 quia
924 1657 1150 1736 argumentum
1172 1653 1330 1736 exphcare
1353 1671 1419 1715 non

306 1780 445 1860 possent,
469 1795 549 1861 opus
571 1795 629 1860 pro
651 1776 919 1860 pseudolucianeo
943 1776 1134 1842 habuerunt.

351 1900 471 1967 Lucida
503 1903 602 1985 igitur
624 1906 752 1986 apparet
774 1905 919 1967 virorum
943 1902 1110 1967 doctorum
1135 1903 1249 1968 studiis
1273 1902 1417 1967 nondum

304 2028 338 2092 id
361 2028 508 2093 effectum
533 2047 611 2111 esse,
635 2032 671 2092 ut
693 2032 859 2111 tamqnam
883 2028 1049 2114 profligata
1072 2030 1257 2112 quaestione
1280 2029 1356 2092 nori
1376 2028 1416 2091 ad

305 2153 543 2238 chronologiam
585 2153 840 2218 constituendam
883 2159 1016 2218 conatus
1059 2156 1287 2238 supervacanei
1320 2157 1417 2237 atque

303 2279 434 2344 inutiles
456 2279 563 2364 putari
588 2278 733 2343 debeant.

340 2404 454 2469 ‘Meam
478 2407 585 2469 autem
609 2404 885 2490 investigationem
910 2425 974 2489 qna
997 2407 1119 2471 ratione
1141 2405 1359 2470 incohaverim
1384 2407 1417 2468 et

303 2533 343 2597 ad
365 2532 498 2614 bonum,
522 2550 622 2615 spero,
646 2533 769 2596 exitum
793 2532 1010 2617 perduxerim,
1034 2533 1145 2616 paucis
1166 2531 1327 2596 enarrabo.
1339 2529 1413 2594 Duo

303 2658 378 2722 libri
408 2695 450 2706 -
480 2657 537 2721 Bis
561 2658 740 2723 Accusatus
764 2663 796 2723 et
818 2657 962 2722 Piscator
986 2695 1027 2704 —
1051 2659 1084 2721 in
1108 2658 1300 2741 praefatione
1324 2675 1415 2722 meae

304 2784 533 2849 dissertationis
571 2785 638 2868 jam
676 2786 848 2867 memorati,
881 2785 916 2846 in
950 2783 1009 2848 hac
1044 2785 1229 2867 quaestione
1262 2783 1415 2848 solvenda

302 2909 421 2974 claram
445 2910 525 2974 mihi
547 2910 723 2974 attulerunt
744 2910 860 2975 lucem.
879 2909 1058 2975 Lucianum
1078 2912 1172 2993 enim,
1184 2929 1248 2994 quo
1261 2915 1407 2994 tempore

300 3036 359 3101 hos
382 3037 524 3122 dialogos
547 3038 680 3120 scripsit,
704 3036 742 3101 de
765 3036 906 3120 antiquis
930 3036 1125 3120 philosophis
1149 3056 1212 3101 non
1238 3038 1302 3101 nisi
1325 3054 1415 3101 reve-

301 3166 407 3229 renter
440 3162 536 3228 verba
569 3161 690 3246 fecisse,
719 3161 883 3246 improbos
914 3181 987 3226 vero
1010 3161 1167 3245 aequales,
1190 3163 1247 3246 qui
1269 3162 1411 3245 philoso-

301 3289 411 3373 phiam
452 3289 641 3354 simularent
680 3292 817 3371 tantum,
850 3287 1054 3353 acerbissime
1087 3289 1236 3372 persequi
1269 3291 1411 3373 coepisse

301 3415 411 3479 inveni
430 3413 494 3494 (cfr.
507 3433 533 3478 c.
544 3413 625 3495 1115
639 3414 678 3495 2).
698 3412 750 3476 Ex
762 3414 833 3478 aliis
844 3413 963 3478 ibidem
976 3414 1108 3498 repertis
1120 3415 1322 3498 testimoniis,
1335 3418 1413 3499 quot

302 3539 419 3624 dialogi
448 3543 591 3624 tempore
621 3540 875 3623 praecessissent,
897 3538 1051 3621 conclusi,
1073 3540 1257 3624 iterumque
1281 3540 1410 3625 qualem

302 3662 464 3729 Lucienus
487 3665 526 3730 de
546 3665 744 3750 philosophia
764 3666 948 3749 opinionem
969 3665 1014 3729 ibi
1026 3665 1203 3749 protulerit,
1214 3667 1415 3752 investigavi.

303 3788 481 3855 Lucienunr
519 3795 626 3858 autem
658 3811 694 3858 eo
725 3796 868 3875 tempore
897 3792 1006 3875 ipsum
1029 3791 1244 3877 philosophiae
1267 3792 1412 3858 studium

301 3917 485 4000 repudiasse
519 3922 550 3983 et
579 3919 727 4002 antiquos
757 3917 960 4002 philosophos
985 3917 1144 3999 derisisse,
1167 3919 1315 4002 aequales
1340 3938 1415 3984 vero

302 4043 337 4106 in
365 4044 523 4109 iudicium
548 4063 660 4110 vocare
682 4044 828 4108 nondum
851 4045 881 4110 ei
903 4045 939 4109 in
963 4046 1105 4110 mentem
1129 4046 1256 4112 venisse
1280 4046 1416 4112 certissi-

336 4298 363 4365 l)
381 4300 547 4388 Schuarsius.
565 4303 646 4355 Ueber
663 4303 772 4356 Lucisne
789 4302 890 4370 Gallus,
907 4320 931 4370 p.
951 4300 993 4356 53.
