3328 5234
836 580 878 642 88

298 791 378 854 nihil
409 810 478 856 esse
499 793 562 855 nisi
580 793 794 855 imitationem
820 796 851 855 et
874 792 1146 856 continuationem
1170 791 1322 856 Lucianei
1349 792 1414 856 dia·

297 917 371 1001 logi.
397 919 435 996 (v.
460 917 488 980 d.
512 916 557 980 La
578 916 674 981 Porto
697 921 843 980 annotat:
869 936 904 981 ce
928 917 1075 1001 dialogus
1099 924 1147 982 est
1170 938 1234 982 une
1253 920 1413 982 imitation

299 1049 330 1108 et
352 1063 417 1108 une
439 1044 568 1128 parodie
581 1044 619 1123 (P)
643 1044 682 1107 de
701 1041 842 1123 Lucien.)

342 1170 472 1235 Licetne
497 1171 575 1234 mihi
599 1172 696 1234 huius
721 1171 836 1254 dialogi
860 1172 987 1234 initium
1015 1170 1203 1236 excribere?

341 1295 469 1379 Jupiter
502 1296 646 1378 loquitur
677 1294 717 1358 ad
741 1293 957 1359 Mercurium:
983 1296 1042 1359 Tio
1067 1296 1121 1372 μὲν
1144 1293 1240 1374 τόπον,
1265 1291 1285 1358 ὦ
1310 1295 1415 1376 Ἑρμῆ,

298 1418 349 1484 καὶ
384 1419 424 1483 τὰ
454 1419 550 1501 βάθρα
579 1420 645 1500 (cfr.
668 1420 743 1484 Luc.
771 1423 801 1504 1)
826 1418 877 1484 και)
902 1421 955 1493 τὴν
979 1421 1081 1493 λοιπὴν
1103 1427 1154 1486 τοῦ
1178 1421 1328 1502 πωλήτρου
1351 1403 1444 1485 aza?

299 1543 402 1619 σκευὴν
426 1545 498 1626 χθὲς
522 1549 551 1626 (i.
577 1566 601 1610 e.
627 1549 659 1610 in
686 1548 832 1637 auctione
855 1545 1027 1629 Lucianea)
1051 1541 1249 1619 aduocatione
1273 1545 1418 1627 τετεύχα-

301 1695 356 1749 μεν
380 1671 428 1735 aul
451 1673 502 1736 οὐκ
527 1671 563 1736 ἂν
587 1671 721 1753 δευτέραις
745 1671 816 1749 ἡμῖν
841 1671 933 1745 δεήσει
960 1681 1154 1753 παρασκευῆς.

344 1799 434 1863 Sicut
463 1797 634 1881 Lucienus,
667 1801 711 1862 ita
741 1799 924 1864 Theodorus
953 1799 1150 1863 Mercurium
1177 1799 1258 1877 βίους
1280 1801 1420 1865 renden-

304 1930 369 1989 tom
394 1924 495 2008 fingit,
517 1943 551 1988 re
572 1944 646 1989 vera
658 1924 831 2007 Homerus
843 1925 1066 2009 Hippocrates,
1077 1927 1316 2010 Aristophanes,
1328 1927 1422 1990 Euri-

303 2051 404 2134 pidae,
430 2051 629 2134 Pomponius
653 2051 795 2132 quidam,
818 2055 849 2115 et
872 2049 1106 2122 Demosthenes
1131 2060 1279 2116 veneunt.

341 2175 455 2270 ⁴Unum
483 2177 669 2259 exemplum
698 2195 762 2239 non
786 2177 953 2260 illepidum
979 2179 1168 2242 imitationis
1192 2178 1323 2242 addam:

346 2301 444 2384 Apud
478 2299 659 2365 Lucianum
695 2299 743 2381 (V.
768 2304 806 2365 A.
837 2303 868 2381 8)
901 2307 1026 2386 emptor
1058 2302 1234 2387 Diogenem
1260 2308 1365 2387 rogat:
1390 2303 1423 2367 ri

303 2429 421 2499 πρῶτον,
446 2421 466 2488 ὦ
490 2424 640 2502 βέλτιστε,
662 2426 794 2498 ποδαπὸς
814 2420 854 2501 εἷς
868 2426 1009 2509 Cynicus
1022 2429 1210 2512 respondet:
1224 2425 1421 2499 παντοδαπός.

303 2552 400 2636 Apud
430 2552 630 2616 Theodorum
664 2558 790 2637 emptor
822 2553 1001 2618 Homerum
1033 2561 1122 2637 rogat
1145 2553 1291 2624 ὁποδαπὸς
1315 2553 1345 2616 δὲ
1370 2552 1423 2625 τὴν

266 2749 269 2757 ,
303 2676 454 2742 διάλεκτον
475 2663 517 2749 εἷς
541 2677 705 2743 Homerus
730 2680 919 2763 respondet:
944 2677 1139 2750 παντοδαπός.

245 2853 253 2869 .
347 2803 446 2868 Vides
471 2824 555 2888 ergo,
577 2805 684 2886 lector,
707 2806 862 2870 Theodori
884 2807 1062 2870 imitatione
1087 2825 1189 2870 meam
1206 2807 1420 2888 conjecturam

303 2950 368 2993 non
390 2928 572 2994 labefactari
596 2935 626 3024 ct
649 2930 798 2994 Vitarum
824 2933 1015 2995 Auctionem
1044 2950 1080 2994 eo
1105 2935 1257 3014 tempore,
1278 2950 1341 3014 quo
1354 2930 1424 2995 Pis-

304 3059 443 3119 catorem
480 3056 614 3138 scripsit,
649 3076 667 3118 a
697 3054 839 3119 Lucieno
874 3061 1028 3120 martulam
1061 3075 1130 3121 esse
1154 3062 1274 3134 statu03
1299 3056 1337 3118 de
1361 3056 1424 3119 dis-

216 3153 218 3158 ·
306 3183 466 3265 crepantia
485 3201 584 3264 aero,
617 3202 698 3265 quae
732 3189 779 3246 est
802 3184 836 3244 in
860 3181 1075 3263 Hermotimo,
1099 3187 1215 3247 certam
1241 3183 1422 3266 opinionem

311 3307 451 3392 proferre
474 3327 540 3371 non
563 3308 673 3372 audeo.

353 3434 423 3510 Quo
448 3453 588 3499 excursu
613 3435 652 3498 de
676 3434 802 3498 duobus
829 3434 963 3517 dialogis
987 3439 1097 3516 postea
1122 3435 1253 3496 mutatis
1274 3433 1422 3497 adfinem

306 3561 467 3645 perducto,
503 3580 589 3624 nuno
624 3559 663 3622 ad
699 3560 762 3624 duo
793 3565 972 3643 postremos
997 3560 1149 3643 dialogos,
1175 3560 1230 3642 qui
1251 3560 1423 3623 vanitatem

313 3688 493 3752 mortalium
519 3689 710 3771 vituperant,
734 3688 857 3750 animos
881 3687 1094 3750 advertamus.

354 3815 392 3877 V.
429 3813 555 3879 Charon
599 3813 731 3878 feriatus
770 3814 809 3876 ad
845 3832 978 3897 superos
1013 3812 1155 3877 ascendit
1191 3819 1236 3892 ut,
1271 3831 1425 3894 quasnam

311 3941 490 4024 voluptates
514 3940 675 4023 ademptas
699 3940 816 4003 mortui
839 3940 873 4001 in
899 3958 957 4002 sua
977 3937 1092 4019 cymba
1112 3936 1275 4020 deplorare
1296 3937 1427 4015 soleant,

309 4071 479 4149 cognoscat
510 4072 540 4129 et
571 4086 589 4128 a
621 4063 779 4129 Mercurio
807 4066 918 4145 amico,
942 4069 978 4128 ut
1001 4070 1099 4128 totam
1124 4064 1303 4126 mortalium
1329 4065 1426 4126 vitam

307 4191 369 4255 sibi
405 4190 593 4272 ostenderet,
615 4192 747 4274 rogavit.
770 4190 1016 4274 Exspectatione
1039 4195 1145 4254 tamen
1170 4190 1293 4252 minora
1316 4207 1426 4273 reppe-

308 4319 364 4381 rit:
395 4317 529 4400 gloriam
561 4319 594 4379 in
618 4317 773 4400 palaestra
797 4317 899 4380 multo
923 4316 1038 4379 sudoro
1062 4318 1260 4398 impetratam
1287 4319 1427 4378 contem-
