3310 5242
355 959 386 1024 4.
411 959 459 1021 De
479 955 613 1041 Nantua·
633 955 806 1040 authentia,
829 955 966 1039 cenatio,
988 953 1107 1036 duplici
1129 956 1254 1038 criptae.

287 1144 383 1209 Nunc
412 1120 655 1230 ad'Niprinnea
686 1146 864 1227 veniamus,
878 1145 930 1207 'in
953 1163 1017 1228 quo
1041 1144 1176 1229 dialogo,
1199 1165 1273 1209 cum
1296 1148 1363 1209 tota

244 1290 315 1336 mea
348 1271 517 1335 satirarum
551 1271 755 1355 chronologia
785 1268 929 1335 subverti
959 1258 1132 1352 videretur,
1163 1274 1360 1355 postremum

244 1398 324 1462 mihi
345 1416 428 1461 nova
452 1416 488 1460 ac
511 1395 595 1460 clara
617 1395 677 1460 lux
701 1400 768 1460 orta
791 1400 847 1460 est.

289 1520 373 1598 Quid
395 1523 481 1587 euim
503 1520 596 1585 nobis
620 1525 668 1586 est
691 1519 895 1584 statuendum
918 1519 957 1584 de
980 1518 1361 1604 ‚,Nigrino''‚ubiLucia·

244 1667 306 1712 nus
328 1649 362 1711 in
386 1648 503 1732 dialogi
525 1648 616 1710 initio
635 1650 801 1730 praecepta
820 1644 948 1729 Nigrini
968 1647 1020 1710 sui
1039 1645 1197 1709 Platonici
1217 1648 1361 1731 magistri

243 1778 307 1838 tam
327 1774 474 1858 religiose
493 1773 668 1837 admiratur
687 1777 718 1837 et
737 1772 856 1855 laudat,
876 1776 912 1836 ut
932 1773 1151 1836 vehementem
1168 1772 1360 1838 Academiae
1406 1779 1408 1788 '

241 1898 398 1963 fautorem
423 1897 649 1962 declamantem
673 1896 784 1961 audire
808 1901 839 1961 te
863 1900 966 1980 putes.
989 1895 1162 1981 Intellegis,
1175 1896 1283 1979 lector,
1295 1917 1359 1980 eos,

243 2026 300 2109 qui
318 2023 496 2114 Lucienum
516 2024 733 2108 philosophiae
752 2023 933 2088 studiosum
953 2028 984 2088 et
995 2025 1048 2107 pio
1061 2026 1167 2088 animo
1178 2025 1359 2108 praeditum

240 2148 340 2214 fuisse
363 2148 423 2214 sibi
444 2148 618 2232 finxerunt,
641 2148 813 2232 Nigrinum
837 2153 873 2212 ut
894 2150 1012 2233 pignus
1037 2150 1250 2214 certissimum
1272 2149 1358 2214 colu-

240 2275 314 2340 isse.
349 2274 562 2360 Hertzberg1)
598 2275 636 2340 de
670 2294 707 2340 eo
737 2275 883 2359 loquitur
916 2274 991 2356 „der
1022 2275 1129 2340 soharf
1158 2277 1360 2361 verstandige

241 2398 334 2464 dabei
367 2400 451 2484 aber,
486 2403 545 2467 wie
580 2404 667 2466 scine
700 2401 912 2486 Schilderung
943 2401 998 2466 des
1029 2402 1186 2486 Nigrinus
1218 2403 1358 2468 deutlich
1436 2388 1442 2405 ⁸

241 2527 333 2610 aeigt,
361 2527 406 2590 im
436 2528 600 2592 innersten
632 2526 763 2592 Grundo
793 2529 897 2592 seinos
931 2525 1076 2592 Heraens
1101 2528 1181 2592 doeh
1205 2528 1358 2594 liebesbo-

241 2651 380 2736 dtirftige
413 2653 483 2717 und
515 2652 722 2738 liebcsfo'hige
756 2652 846 2718 dabei
881 2653 940 2718 tici
968 2659 1074 2720 ernste
1103 2654 1233 2720 Mann.’'
1266 2656 1304 2720 V.
1328 2657 1357 2721 d.

239 2777 399 2843 Brunsius
413 2775 436 2860 ⁹)
467 2781 666 2863 nuperrime:
701 2778 810 2862 „Noch
839 2778 927 2864 giebt
959 2779 1014 2845 der
1036 2779 1194 2865 Nigrinus
1217 2782 1358 2858 deutlich

239 2901 357 2968 Kunde
387 2923 452 2968 von
476 2905 563 2969 einer
585 2903 654 2968 Zeit
677 2905 781 2969 seiner
803 2904 941 2989 Jugend,
964 2907 999 2968 in
1023 2905 1079 2970 der
1101 2919 1138 2970 er
1156 2908 1215 2971 mit
1237 2906 1358 2971 leiden-

240 3029 439 3094 schtftlicher
467 3030 717 3115 Bewunderung
740 3051 783 3094 zu
806 3031 910 3096 einem
934 3030 1098 3096 Vertreter
1120 3032 1175 3097 des
1199 3033 1359 3099 Platonis-

240 3175 314 3220 mus
355 3153 561 3239 aufblichte,’'
604 3157 660 3222 sed
702 3159 788 3242 quod
822 3158 920 3224 altera
955 3179 1052 3224 manu
1088 3160 1225 3243 dederat,
1259 3161 1358 3226 altera

240 3279 386 3346 abstulit:
414 3282 491 3364 „auf
507 3283 558 3347 die
579 3282 874 3368 Ueberzeugungen
894 3285 949 3350 des
968 3284 1103 3349 Mannes
1117 3283 1240 3350 Lucian
1252 3284 1357 3351 haben

239 3406 326 3471 diese
347 3407 624 3492 philosophischen
643 3408 863 3494 Aureguugen
883 3407 938 3474 des
954 3408 976 3474 J
979 3409 1149 3494 ugeudaeit
1168 3411 1255 3474 nieht
1266 3411 1358 3475 mehr

239 3532 301 3598 den
323 3533 472 3600 leicester
494 3533 637 3599 Ninfluss
661 3534 849 3620 ausgeiibt.’'

282 3659 432 3726 Attamen
454 3681 483 3726 v.
506 3662 535 3725 d.
558 3661 666 3728 Bruns
689 3661 818 3747 fallitur,
843 3665 871 3728 si
889 3661 1061 3749 Nigrinum
1083 3665 1237 3750 ajuvene
1257 3666 1358 3752 scrip·

237 3791 308 3851 tum
341 3806 411 3853 esse
444 3792 548 3872 putat;
584 3807 650 3852 non
683 3790 769 3854 enim
800 3788 1054 3854 obliviscendum
1087 3796 1136 3857 est
1166 3791 1357 3877 Lucianum,

239 3914 393 3998 quamdiu
421 3914 584 3979 rhetorum
613 3915 815 3999 disciplinam
846 3914 1053 3999 sequebatur,
1076 3918 1172 4006 (sicut
1193 3919 1228 3983 in
1252 3919 1357 4002 capite

243 4125 387 4142 d-hfl-fl-u

271 4267 298 4339 l)
318 4271 462 4342 Heuzberg.
478 4270 568 4327 Goech.
585 4271 630 4328 der
646 4273 747 4327 Griech.
764 4277 842 4326 anter
859 4272 934 4326 Rom.
953 4269 1071 4325 Herrsch.
1090 4272 1123 4324 11.
1138 4271 1197 4328 ter.

271 4365 299 4432 2)
316 4365 339 4418 J.
355 4365 448 4417 Bruns.
464 4367 526 4419 Luc
543 4367 633 4433 philon.
650 4366 760 4418 Satircn»
778 4366 856 4432 (llus.
873 4367 959 4418 Rhen.
975 4364 1049 4450 188lh
1066 4380 1091 4430 p.
1108 4363 1181 4434 167).
