3328 5234
834 593 875 655 78

209 791 214 800 ’
266 768 451 880 habuisse,
475 804 531 886 qui
554 801 798 868 Demosthenem
824 805 917 887 quasi
935 805 1088 870 timidum
1108 807 1241 871 militem
1253 807 1414 872 laceravit.

294 926 358 1006 (cfr.
382 927 482 1011 Koch,
504 928 659 992 Timocles
682 928 718 992 fr.
743 931 764 992 4
795 933 827 994 et
850 930 912 1012 12).

339 1054 378 1117 V.
402 1054 505 1119 Multo
528 1055 657 1119 hilarior
677 1075 773 1138 quam
793 1055 958 1121 Parasitus
977 1057 1043 1139 ille,
1061 1063 1108 1122 est
1135 1057 1280 1123 Vitorcm
1290 1058 1416 1143 Auctio,
1454 1078 1456 1082 ⁴

295 1181 351 1245 ubi
382 1183 526 1245 omnium
556 1188 715 1246 sectarum
743 1184 911 1266 magistros
933 1188 1098 1266 tamquam
1123 1187 1282 1269 mancipia
1305 1187 1414 1250 venire

294 1280 395 1391 fingit,
427 1313 649 1391 praeterquam
674 1307 759 1389 quod
783 1327 847 1371 non
870 1310 939 1392 ipse
961 1310 1150 1374 Aristoteles
1174 1310 1229 1374 sed
1252 1311 1414 1395 Peripate-

294 1435 377 1497 ticus
402 1433 532 1516 quidam
555 1435 589 1496 in
614 1451 741 1497 scenam
766 1434 878 1517 prodit.
902 1433 969 1498 Neo
994 1437 1128 1499 mirum:
1153 1456 1315 1520 nusquam
1328 1437 1414 1520 apud

295 1562 433 1625 comicos
464 1536 518 1624 ille
548 1559 725 1645 Stagirites
758 1579 892 1644 persona
924 1563 963 1625 ad
994 1563 1097 1626 risum
1128 1555 1322 1627 morandum
1348 1582 1414 1626 non

294 1691 375 1769 apto,
409 1693 514 1769 partes
549 1687 624 1769 agit,
658 1685 856 1770 Pythagoras
891 1705 968 1750 vero
1004 1692 1035 1751 et
1068 1689 1215 1771 inprimis
1249 1687 1341 1751 Plato
1373 1686 1414 1750 ob

295 1813 424 1876 insolita
446 1831 557 1876 eorum
580 1813 696 1896 placita
719 1811 902 1876 eluduntur.

340 1937 403 2002 Sed
436 1939 474 2002 de
508 1937 656 2001 Vitarum
690 1939 849 2002 Auctione
872 1940 965 2022 plura
987 1959 1074 2003 nunc
1099 1960 1165 2004 non
1188 1942 1312 2025 addam,
1335 1945 1413 2026 quia

294 2065 334 2129 ad
363 2065 462 2129 huius
491 2064 607 2148 dialogi
631 2066 890 2147 compositionem
914 2065 996 2129 infra
1020 2066 1219 2131 redeundum
1245 2071 1312 2153 erit,
1336 2089 1412 2133 cnm

295 2191 334 2255 de
356 2190 556 2254 Hermotimo
580 2209 681 2274 panca
703 2191 737 2252 in
761 2191 904 2254 medium
926 2191 1091 2276 proferam,
1116 2193 1167 2256 hio
1190 2198 1297 2258 tamen
1321 2195 1412 2260 tabu·

167 2334 171 2344 ·
294 2318 356 2382 lam
375 2320 523 2398 inseram,
546 2315 632 2380 unde
654 2320 768 2398 pateat,
792 2322 986 2401 quantopere
1007 2319 1071 2401 J'ooi
1094 2321 1127 2381 in
1151 2320 1357 2404 philosophos
1376 2324 1411 2385 in

297 2446 460 2509 communi
484 2445 678 2507 comicorum
702 2463 765 2508 usu
788 2443 916 2508 fuerint.

339 2570 378 2634 In
402 2570 616 2654 Pythagoram
640 2571 774 2652 eiusque
798 2575 915 2633 sectam
940 2573 1074 2654 scriptae
1098 2577 1174 2636 sunt
1195 2571 1337 2638 fabulae:

339 2694 496 2772 Ἀλκμέων
516 2695 732 2778 Mnesimaohi‚
753 2696 970 2772 Halcyoprcrdc
989 2699 1235 2782 Aristophontis,
1253 2697 1413 2777 Manlum

295 2823 497 2906 AntiphaniS‚
530 2828 702 2901 Ταραντῖνοι
738 2828 769 2886 et
796 2821 1033 2903 Πυθαγορίζουσαι
1064 2830 1095 2889 et
1125 2824 1225 2897 'Arete
1256 2827 1414 2912 Alexidis

296 2953 470 3028 Ταραντῖνοι
495 2947 614 3012 Cratini
633 2950 781 3031 junioris.

339 3076 379 3139 In
403 3075 569 3140 Platonem
592 3082 623 3139 et
646 3076 869 3140 Academiam:

342 3201 467 3265 aaaron
489 3202 737 3285 Aristophontis‚
761 3202 904 3279 Naucydr
928 3203 1075 3289 Ephippi‚
1098 3204 1235 3278 Ἀνταῖος
1258 3209 1415 3293 Antipha-

297 3330 358 3411 nis,
382 3325 512 3404 Ἱππεύς,
538 3326 668 3399 Μίλκων,
693 3326 859 3405 'apaullon
878 3330 1035 3413 Alexidis,
1057 3327 1260 3409 Δεξιδημίδῃ
1281 3335 1416 3418 Amphi-

297 3455 355 3538 dis,
384 3452 519 3517 ssacocla
543 3454 701 3527 Anaxilae
724 3461 755 3519 et
778 3455 886 3520 fabula
909 3477 992 3540 quae
1014 3464 1159 3542 superest
1182 3460 1416 3544 Aristophanae

297 3578 576 3658 Ἐκκλησιαζοῡσαι.
1395 3553 1397 3558 V

340 3707 380 3771 In
404 3706 541 3789 Cynicos
564 3713 595 3772 et
618 3706 758 3772 Stoicos:

341 3832 496 3914 Φιλόσοφοι
519 3835 725 3918 Philemonis
748 3833 877 3915 Κώρυκος
900 3835 1092 3919 Antiphanis
1116 3842 1147 3902 et
1169 3837 1328 3919 Σύντροφοι
1348 3839 1412 3905 Da·

296 3961 435 4042 moreni,
465 3960 522 4024 ubi
544 3981 668 4045 coquus
690 3961 868 4046 Epicureus
892 3963 1045 4026 adversus
1068 3962 1189 4029 Stoicos
1214 3966 1312 4031 verba
1335 3967 1410 4032 facit

295 4085 361 4166 (cir.
392 4083 572 4150 Lucianeus
595 4088 753 4172 parasitus
777 4088 812 4151 in
834 4088 1038 4172 philosophos
1061 4089 1238 4174 invehens),
1263 4089 1418 4169 Διογένους

295 4212 399 4292 πρᾶσις
422 4211 603 4298 Hermippi.

340 4337 380 4404 In
403 4338 628 4424 Aristippum:
