3328 5234
804 531 869 595 120

274 745 420 828 dogmate
444 745 633 827 discrepant,
658 744 836 809 seeundum
861 744 947 828 quod
967 763 1032 807 non
1052 763 1163 808 omnes
1175 747 1246 827 post
1258 747 1396 808 mortem

271 868 364 934 liberi
389 870 584 953 judicantur,
615 869 672 934 sed
703 871 759 954 qui
789 887 887 954 prave
909 870 1070 953 vixerunt,
1094 868 1134 932 ob
1158 873 1286 953 peooata
1309 869 1395 953 plee-

271 998 392 1059 tuntur.

318 1119 497 1186 Christiana
527 1123 627 1207 igitur
650 1120 856 1187 Demonaetis
879 1125 993 1186 natura
1017 1123 1154 1187 refutata
1178 1142 1267 1186 nuno
1290 1123 1398 1188 videa-

271 1264 356 1329 mus,
381 1247 458 1329 quid
482 1247 521 1310 de
543 1246 617 1311 ficta
639 1248 820 1331 philosophi
843 1266 979 1331 persona
1002 1249 1209 1312 statuendum
1223 1249 1272 1312 sit.
1286 1248 1396 1314 Primo

270 1371 449 1454 Eunapius,
479 1391 575 1455 quem
606 1374 708 1455 eapite
739 1373 842 1455 primo
870 1373 936 1455 jam
969 1375 1142 1457 nominavi,
1166 1371 1398 1440 Demonactem

271 1497 406 1561 Luciani
437 1497 602 1581 aequalem
633 1498 758 1579 laudat;
787 1499 901 1564 deinde
924 1499 1120 1564 Fritnschius
1144 1499 1212 1580 (Ed.
1239 1499 1315 1564 Luc.
1338 1500 1399 1584 III,

272 1625 301 1700 2,
334 1645 363 1708 p.
396 1623 479 1687 XIV
502 1625 583 1707 sqq.)
608 1643 649 1688 ex
673 1624 743 1688 aliis
766 1624 910 1689 fontibus
933 1627 968 1707 (e.
981 1647 1010 1709 g.
1035 1645 1053 1690 e
1077 1625 1205 1690 Stobaei
1227 1600 1398 1710 Florilegio

272 1749 324 1832 21,
349 1751 380 1833 8)
408 1752 450 1813 24
475 1747 705 1828 ἀποφθέγματα
728 1751 872 1815 eiusdem
896 1751 1076 1835 philosophi
1100 1771 1118 1815 a
1140 1750 1283 1814 Luciano
1308 1769 1399 1834 prae-

271 1877 418 1939 termissa
448 1876 614 1959 protraxit,
636 1877 681 1939 ita
705 1881 740 1940 ut
764 1873 991 1941 Demonactem
1017 1879 1111 1960 quasi
1134 1876 1265 1940 virtutis
1289 1894 1398 1940 exem-

272 2002 363 2086 plum
398 2021 416 2064 a
452 2000 595 2065 Luoiano
632 2002 683 2066 vel
717 2001 755 2065 ab
792 2003 853 2066 alio
886 2003 1011 2068 rhetore
1046 2002 1158 2067 fiotum
1189 2001 1290 2067 fuisse
1313 2001 1400 2066 haud

274 2126 449 2192 verisimile
473 2127 522 2189 sit.

317 2251 413 2316 Nune
444 2251 591 2315 adeunda
622 2254 698 2315 sunt
721 2258 918 2337 argumenta,
941 2273 1024 2337 quae
1047 2255 1133 2318 viros
1158 2253 1268 2317 doctos
1291 2270 1399 2316 move-

273 2382 359 2460 runt,
382 2381 419 2440 ut
442 2375 583 2440 Lucieno
607 2377 706 2440 vitam
729 2374 934 2443 Demonaotis
959 2379 1143 2444 adimerent.

320 2503 405 2567 Aliis
440 2507 496 2566 aut
519 2503 641 2566 nullam
666 2523 796 2568 oausam
819 2505 1055 2589 proferentibus
1078 2505 1178 2587 (velut
1199 2505 1228 2568 J.
1252 2505 1400 2569 Behlrero

272 2632 306 2694 in
339 2630 478 2693 editione
509 2628 591 2713 sua),
620 2630 690 2694 aliis
713 2632 748 2694 in
771 2630 869 2696 verba
891 2631 1062 2714 Bernaysii
1081 2631 1275 2714 jurantibus
1299 2631 1399 2696 huius

273 2757 335 2819 riri
359 2757 670 2839 argumentationem
693 2775 855 2840 exponere
880 2758 1039 2840 optimum
1062 2757 1142 2819 mihi
1166 2756 1301 2836 videtur.

318 2879 406 2944 Libri
438 2882 490 2944 sui
524 2878 665 2962 „Luoian
694 2881 762 2945 und
794 2882 844 2946 die
867 2881 1034 2963 Kynilrer’'
1058 2902 1128 2966 pag.
1154 2882 1218 2944 104
1254 2881 1397 2964 scripsit:

278 3007 489 3091 „Abgesehen
513 3026 577 3070 von
601 3007 673 3072 dem
698 3008 906 3073 stilistisohen
929 3008 1105 3089 Eindruclr,
1130 3008 1255 3072 scheint
1279 3026 1313 3072 es
1337 3009 1399 3071 mir

275 3132 493 3217 unglaublioh‚
526 3133 599 3197 dass
631 3131 753 3197 Lucian
785 3134 833 3197 als
864 3134 959 3198 reifer
982 3133 1080 3197 Mann
1101 3134 1204 3197 einem
1227 3132 1401 3216 Eremiten,

275 3261 336 3325 wie
369 3260 439 3324 dem
471 3259 633 3324 Sostratus
667 3260 717 3324 die
741 3259 988 3324 schranhenlose
1011 3259 1261 3342 Bewunderung
1285 3259 1402 3342 genollt

276 3386 366 3469 habe,
390 3386 510 3450 welche
532 3388 568 3449 in
593 3385 649 3450 der
671 3385 859 3471 Einleitung
882 3388 1138 3471 ausgesproohen
1161 3388 1211 3450 ist.
1234 3386 1330 3450 Auoh
1350 3386 1402 3451 die

277 3512 423 3596 spurlose
456 3511 734 3576 Versohollenheit
767 3511 823 3575 der
855 3511 971 3576 Schrift
1002 3512 1083 3576 iiber
1109 3514 1208 3595 jenen
1231 3510 1402 3596 Sostratae,

208 3691 210 3696 .
277 3638 396 3702 welohe
421 3639 476 3701 der
498 3637 665 3702 Verfasser
688 3637 757 3701 dort
777 3636 824 3702 als
844 3638 895 3701 die
916 3639 1037 3722 seinige
1050 3638 1188 3721 anfuhrt,
1201 3643 1294 3720 wilre,
1307 3656 1402 3717 wenn

277 3764 323 3828 sie
347 3782 410 3825 von
434 3762 556 3828 Lucian
577 3764 753 3848 herrtihrte‚
776 3765 872 3828 kaurn
893 3763 1108 3848 begreiflioh.''
1128 3763 1169 3828 Et
1188 3765 1307 3848 pergit:
1323 3762 1403 3846 „Die

278 3889 488 3977 Erwhhnung
520 3892 575 3957 des
606 3891 802 3976 Peregrinus
836 3893 919 3956 ohne
951 3892 1002 3956 die
1032 3892 1159 3957 leiseste
1190 3891 1405 3976 Hindeutung

278 4018 336 4084 auf
356 4019 444 4082 seine
463 4017 700 4102 Verbrennung
712 4018 779 4082 und
791 4017 931 4082 Luoians
944 4017 1063 4082 Schrift
1076 4016 1157 4080 iiber
1169 4016 1307 4081 dieselbe
1319 4022 1404 4080 ware

277 4147 336 4210 mit
355 4144 494 4210 Luoians
517 4145 724 4210 Autorsohaft
748 4145 803 4209 des
829 4142 1038 4227 „Demonax”
1063 4144 1186 4208 schwer
1206 4141 1403 4207 vereinbar.'’

322 4269 478 4333 Ultimum
497 4275 722 4354 argumentum
733 4270 807 4333 lieet
819 4269 909 4352 parvi
922 4270 963 4332 sit
974 4267 1165 4351 faciendum,
1178 4270 1284 4352 priora
1296 4272 1403 4331 tamen
