3328 5234
786 581 827 642 87

252 792 343 873 quasi
373 792 508 854 virtutes
538 790 719 873 laudantur,
744 810 826 874 quae
848 791 1013 856 Lucianus
1035 794 1070 855 iu
1093 791 1281 876 aequalibus
1306 792 1365 874 Cy-

250 917 330 980 nicis
353 919 535 1000 vituperare
558 916 685 981 solebat.

295 1040 378 1118 Quid
402 1042 520 1106 dehac
545 1045 626 1106 mira
650 1043 861 1127 discrepantia
885 1044 1082 1108 censendum
1108 1046 1180 1109 est?

294 1168 436 1233 Alteram
466 1182 600 1252 partem,
631 1171 664 1233 ni
694 1170 794 1252 fallor,
818 1171 979 1235 Lucienus
1004 1177 1112 1254 postea
1134 1171 1264 1253 addidit,
1287 1190 1361 1235 cum

250 1297 284 1359 in
308 1295 467 1360 Piscatere
490 1316 524 1361 se
548 1316 674 1380 semper
696 1297 870 1381 flagitiosos
894 1267 1043 1381 aequales
1067 1303 1270 1381 persecutum
1296 1316 1365 1361 esse

249 1420 407 1485 scriberet.

292 1546 354 1612 Sed
388 1547 466 1630 quid
497 1549 535 1612 de
566 1551 666 1612 totius
697 1549 814 1632 dialogi
838 1551 1071 1635 compositione
1094 1549 1168 1613 inde
1193 1548 1363 1631 sequitur?

248 1673 349 1738 Multo
373 1674 490 1739 melius
513 1675 593 1740 illud
617 1695 736 1739 nomen
760 1673 823 1750 βίος
848 1676 982 1758 quadrat
1006 1695 1089 1738 cum*
1105 1676 1233 1738 insertis
1258 1671 1364 1738 verbis

249 1801 288 1864 de
317 1800 497 1884 aequalium
531 1803 605 1878 vita,
636 1821 733 1884 quam
758 1821 834 1865 curn
858 1803 908 1884 iis,
934 1821 1015 1884 quae
1039 1801 1115 1865 alibi
1137 1789 1300 1866 Lucianu's
1325 1803 1365 1866 ad

248 1945 418 2010 personam
453 1932 483 1991 et
517 1927 667 2011 dogmata
698 1928 814 1992 nobilis
847 1928 1016 1992 cuiusdam
1046 1928 1227 2012 philosophi
1250 1927 1366 1992 descri-

248 2052 350 2116 benda
374 2053 467 2117 dedit.
492 2052 565 2116 Non
588 2055 725 2136 p1imam
751 2055 849 2136 igitur
871 2053 945 2117 libri
969 2054 1143 2118 editionem
1167 2073 1225 2118 uos
1250 2051 1366 2118 habere

250 2180 392 2261 conjicio,
427 2179 482 2243 sed
516 2177 688 2260 Lucienus,
723 2199 798 2243 cum
830 2181 975 2243 convicia
1002 2182 1035 2243 in
1060 2180 1210 2263 aequales
1234 2180 1365 2261 cynicos

248 2304 427 2385 addidisset,
464 2307 559 2370 etiam
596 2305 726 2369 titulum
759 2304 832 2369 libri
864 2314 894 2371 et
926 2307 1076 2372 Mercurii
1103 2307 1200 2372 verba
1225 2312 1367 2372 mutasse

249 2432 329 2494 mihi
352 2433 486 2496 videtur.
513 2431 605 2507 Quod
630 2452 726 2515 quam
753 2432 958 2525 neglegenter
982 2438 1013 2497 et
1035 2434 1223 2499 festinanter
1245 2435 1365 2518 fecerit,
1395 2439 1398 2445 '

249 2556 322 2620 inde
357 2567 485 2639 quoque
520 2561 613 2640 patet,
650 2557 736 2640 qued
768 2560 900 2620 nomina
931 2558 1194 2642 philosophorum
1219 2579 1236 2623 e
1261 2561 1367 2642 prima

249 2682 385 2746 editione
408 2682 512 2746 adhuc
534 2689 607 2748 ante
630 2682 726 2748 verba
750 2703 861 2747 eorum
886 2685 1029 2768 praefixa
1052 2688 1287 2749 remanserunt.

292 2807 350 2873 Cui
376 2811 545 2873 mutationi
570 2815 679 2874 utrum
704 2810 855 2892 tribuam,
881 2812 967 2895 quod
992 2775 1088 2875 rerba
1107 2813 1140 2874 in
1156 2812 1366 2876 15-19110n

249 2934 335 2999 salva
365 2942 441 3000 sunt
471 2935 625 3018 (Socrates
650 2938 736 3000 euim
763 2957 781 3000 a
804 2935 907 3001 Dione
932 2937 1135 3020 Syracusano
1159 2938 1300 3019 emitur),
1324 2959 1365 3002 an

248 3063 362 3125 vitium
389 3064 429 3126 sit
452 3063 598 3126 codicum
623 3062 814 3146 putandum,
840 3063 919 3126 mihi
943 3083 1008 3127 non
1033 3070 1123 3128 const
1143 3069 1163 3126 t.
1255 3106 1257 3114 ,

291 3189 340 3253 Ita
364 3190 403 3253 de
427 3190 524 3253 altera
546 3189 695 3253 Vitarum
718 3190 888 3253 Auctionis
909 3191 1046 3254 editione
1060 3209 1164 3254 meam
1180 3190 1364 3272 opinionem

247 3317 414 3393 finxeram,
439 3335 513 3378 cum
540 3315 741 3378 Theodorum
761 3314 976 3378 Prodromum
998 3315 1069 3379 Βίων
1089 3315 1194 3394 πρᾶσιν
1214 3316 1368 3384 ποιητικῶν

246 3441 298 3506 ιιιιὶ
332 3445 485 3506 πολιτικῶν
516 3443 681 3525 scripsisse
704 3441 775 3525 legi.
798 3441 910 3504 Totam
937 3460 1043 3504 meam
1068 3441 1363 3523 interpretationem

248 3569 435 3634 subversam
471 3567 633 3651 putabam,
669 3567 745 3649 quia
775 3566 890 3629 titulus
914 3565 986 3628 Βίων
1010 3567 1114 3646 apciora
1137 3567 1172 3627 iu
1196 3565 1366 3628 communi

248 3698 437 3779 scriptorum
461 3715 522 3758 usu
542 3693 642 3756 fuisse
662 3692 838 3756 videbatur.
858 3692 1034 3775 Postquam
1056 3697 1164 3755 autem
1187 3691 1243 3754 diu
1261 3709 1366 3773 neque

248 3826 316 3888 sine
346 3823 453 3886 labore
480 3821 569 3884 illam
594 3820 726 3884 alteram
752 3817 823 3895 βίων
846 3820 949 3897 apciora
973 3821 1128 3901 quaesivi,
1150 3819 1280 3881 tandem
1307 3819 1367 3880 hoc

247 3970 326 4034 opus
360 3951 470 4013 inveni
501 3951 535 4011 iu
570 3946 716 4028 „Notices
749 3951 779 4009 et
807 3945 949 4009 Extraits
974 3945 1031 4010 des
1056 3948 1250 4008 manuscrits
1275 3943 1314 4008 de
1336 3944 1366 4006 la

247 4077 473 4160 Bibliotheque
507 4073 686 4158 Imperiale.
721 4074 834 4136 A'nnee
871 4072 955 4135 1810
988 4071 1111 4136 Article
1143 4070 1217 4152 37,”
1242 4069 1365 4134 editum

248 4225 273 4268 a.
305 4224 335 4266 v.
368 4204 396 4266 d.
427 4202 460 4265 Il.
492 4202 521 4266 J.
545 4200 580 4264 G.
603 4199 648 4263 La
671 4200 766 4263 Porte
790 4199 833 4262 du
856 4198 953 4262 Theil.
980 4198 1044 4263 Ubi
1067 4217 1132 4261 nou
1157 4198 1227 4261 sine
1249 4196 1366 4279 gaudie

246 4349 317 4394 meo
349 4331 457 4394 statim
472 4304 474 4312 Α
489 4328 643 4411 apparuit,
674 4326 762 4390 illam
787 4323 857 4401 βίων
881 4326 985 4404 πρᾶσιν
1009 4323 1165 4388 Theodori
1189 4321 1364 4386 Prodromi
