3310 5242
755 611 795 674 21

218 823 323 886 etiam
355 822 448 886 hodie
471 841 585 907 magna
616 823 700 886 inter
727 823 814 886 viros
839 822 947 887 doctos
970 827 1096 887 maneat
1120 823 1348 906 discrepantia.

265 949 315 1012 At
349 950 537 1033 priusquam
575 947 694 1014 Maesio
726 949 808 1013 duce
835 949 880 1012 ad
916 948 1051 1014 Luciani
1075 969 1169 1034 opera
1189 949 1346 1032 juvenilia

216 1075 417 1158 accedimus,
451 1077 587 1139 strictim
622 1095 723 1158 pauca
756 1075 890 1138 dicenda
925 1080 1001 1140 aunt
1036 1076 1076 1139 de
1109 1076 1235 1159 utteris,
1264 1094 1344 1158 quas

213 1200 366 1265 rhetores
387 1202 626 1265 Antoninorum
650 1219 726 1265 aevo
751 1219 898 1265 exercere
922 1201 1074 1265 solebant

265 1325 367 1390 Hand
398 1327 546 1409 multum,
580 1331 617 1390 ut
639 1346 705 1391 rem
730 1326 838 1410 paullo
862 1326 957 1392 altius
979 1332 1128 1412 repetam,
1151 1347 1170 1391 a
1192 1346 1267 1391 vero
1291 1326 1344 1390 ab·

213 1451 408 1535 amabimur,
431 1455 459 1517 si
482 1451 676 1516 Graecorum
697 1453 818 1517 litteras
841 1453 936 1517 simul
957 1473 1030 1517 oum
1047 1453 1176 1537 politica
1196 1452 1342 1516 libertate

212 1578 346 1642 civibus
376 1579 522 1663 adempta
552 1580 718 1663 pristinam
751 1579 848 1642 vitam
876 1598 913 1642 aa
942 1581 1084 1663 vigorem
1110 1580 1254 1643 amisisse
1278 1582 1340 1642 sta-

214 1709 360 1769 tuemus.
394 1705 474 1770 Cum
507 1705 749 1788 Alexandriam,
781 1702 837 1768 ubi
860 1704 1033 1769 Ptolemaei
1054 1704 1168 1769 litteris
1191 1725 1228 1769 aa
1251 1705 1344 1768 disci-

214 1831 319 1915 plinis
349 1831 506 1914 favebant,
538 1830 650 1896 Musae
675 1832 913 1915 demigrassent,
937 1851 1002 1895 non
1027 1831 1164 1915 amplius
1188 1832 1344 1916 simplicia

214 1962 248 2022 et
282 1964 428 2041 venusta,
458 1958 513 2022 sed
547 1958 639 2021 docta
669 1963 700 2022 et
725 1956 860 2022 obscura
883 1976 984 2042 paene
1009 1960 1152 2022 omnium
1177 1964 1342 2042 poetarum

213 2090 311 2149 erant
335 2087 482 2149 carmina.

259 2210 370 2274 Primo
401 2215 504 2276 tamen
536 2232 564 2295 p.
590 2209 661 2274 Chr.
686 2230 716 2273 n.
745 2210 853 2274 seculo
877 2229 933 2294 per
957 2228 1067 2274 omnes
1091 2211 1246 2294 regiense,
1270 2210 1341 2275 ubi·

212 2356 348 2419 cunque
379 2357 491 2422 graeco
522 2356 669 2402 sermone
699 2336 872 2401 utebantur
901 2337 1055 2419 heminae,
1087 2356 1171 2400 nova
1194 2338 1339 2402 alacritas

211 2467 245 2526 et
284 2462 425 2527 studium
458 2469 605 2528 exortum
637 2470 693 2539 est,
713 2464 918 2547 maximaque
942 2463 1107 2546 diligentia
1129 2464 1337 2546 antiquorum

209 2589 331 2652 imitati
363 2596 439 2653 aunt
469 2589 624 2673 exempla.
652 2587 827 2653 Domitiani
851 2594 882 2652 et
903 2586 1029 2671 Trajani
1053 2588 1251 2671 temporibus
1275 2585 1337 2650 Dio

209 2713 377 2779 Prusaeus
400 2715 534 2800 vigebat,
559 2717 616 2800 qui
639 2716 750 2780 ethicis
773 2716 958 2799 praesertim
980 2714 1268 2778 declamationibus
1280 2734 1337 2798 per

209 2844 318 2905 totum
342 2844 496 2906 terrarum
521 2839 628 2904 orbem
654 2840 768 2905 habitis
792 2846 892 2905 artem
916 2839 1123 2924 profitebatur
1145 2840 1335 2906 rhetoricam

210 2972 243 3031 et
277 2965 402 3031 Plinius
426 2966 594 3032 Secundus
617 2969 700 3030 circa
724 2986 844 3030 annum
872 2967 934 3030 100
958 2966 1078 3032 Romae
1103 2966 1240 3031 Graecos
1263 2968 1334 3031 rhe-

209 3094 299 3154 tores
338 3091 470 3156 audiens
510 3091 638 3156 Isaeum
681 3093 774 3175 quasi
814 3091 991 3176 perfectum
1035 3097 1192 3157 oratorem
1226 3092 1336 3157 laudat

210 3215 285 3299 (Ep.
319 3215 359 3280 H.
396 3219 436 3295 3).
478 3218 530 3280 Ad
561 3238 720 3282 summum
757 3237 830 3282 vero
869 3219 946 3282 haec
981 3217 1087 3282 studia
1118 3222 1336 3301 pervenerunt

207 3340 376 3406 Hadriano
400 3342 592 3407 Graecorum
614 3343 737 3409 fautore
756 3344 795 3407 ad
815 3345 986 3428 imperium
1007 3350 1129 3426 vocato,
1148 3364 1222 3409 cum
1241 3344 1333 3408 latini

207 3472 333 3551 poetae,
354 3471 410 3550 qui
434 3470 597 3534 nonnullis
623 3470 785 3534 decenniis
806 3476 880 3534 ante
899 3470 933 3532 in
946 3470 1019 3534 aula
1027 3473 1211 3554 praesertim
1223 3468 1333 3535 Domi-

206 3594 293 3657 tiani
329 3595 476 3660 vixerant
510 3596 549 3660 ad
585 3616 686 3660 unum
722 3616 832 3662 omnes
864 3599 993 3679 mortui,
1022 3597 1160 3683 nullum,
1192 3598 1248 3680 qui
1272 3595 1333 3662 sibi

207 3721 380 3786 succedere
403 3728 518 3807 posset,
539 3723 752 3807 reliquissent.

195 3923 200 3928 Ι
256 3847 448 3930 Imperatore
480 3856 661 3933 praeeunte,
695 3851 890 3934 quicumque
924 3849 1002 3913 culti
1034 3847 1144 3914 baberi
1175 3848 1334 3933 volebant,

207 3992 322 4059 graece
344 3975 481 4082 scribere
505 3981 601 4059 atque
624 3975 820 4040 confabulari
840 3975 951 4040 sedulo
964 3975 1153 4041 didicerunt.
1175 3975 1329 4039 Claudius

208 4101 374 4183 Aelianus,
404 4102 570 4166 Praenesti
601 4103 659 4167 sub
683 4103 785 4186 ipsius
809 4101 929 4166 Romae
951 4102 1120 4167 moenibus
1144 4107 1249 4185 natus,
1271 4099 1331 4165 Fa-

208 4227 342 4291 vorinus
373 4227 412 4291 ab
441 4229 570 4292 Arelate
602 4229 722 4293 Gallica
749 4228 829 4293 urbe
852 4229 1007 4293 oriundus
1030 4229 1107 4293 huic
1129 4231 1176 4294 rei
1199 4229 1332 4292 studue-

207 4357 295 4437 runt,
319 4358 355 4416 ut
377 4359 506 4439 propter
529 4374 630 4439 opera,
655 4373 736 4439 quae
761 4354 879 4420 Graece
899 4356 1092 4440 scripserant
1103 4354 1329 4444 laudarentur3
