3328 5234
790 555 852 616 117

263 785 393 831 monem
420 766 609 848 excoluerit,
631 764 804 829 lectoribus
830 767 969 849 exponit.
994 766 1144 830 Attamen
1157 768 1229 831 illas
1241 769 1388 851 periodos

260 892 423 976 Apuleius
459 910 624 980 perperam
648 893 732 955 inter
755 909 790 955 se
813 891 998 973 conjunxit;
1022 891 1143 956 Lucius
1167 894 1252 956 enirn
1278 891 1388 957 Corin-

262 1018 360 1100 thius,
396 1036 469 1080 cum
507 1017 630 1080 natales
666 1035 744 1080 suas
779 1034 909 1079 narrare
943 1017 1106 1100 inciperet,
1130 1017 1168 1080 de
1193 1035 1226 1080 se
1249 1016 1391 1100 profiteri

263 1144 413 1210 debebat:
456 1145 549 1227 „quis
581 1163 642 1226 epo,
667 1145 777 1228 paucis
802 1143 939 1229 accipe”.
963 1144 1001 1207 In
1025 1143 1132 1207 fabula
1156 1163 1230 1207 vero
1254 1144 1388 1228 legitur:

265 1272 358 1354 „quis
392 1270 452 1353 itte,
483 1271 594 1354 paucis
628 1269 765 1354 accipe'’,
797 1290 879 1354 quae
911 1274 987 1334 sunt
1019 1271 1121 1355 ipsius
1154 1271 1271 1354 Apulei
1294 1270 1391 1335 verba

262 1401 463 1481 praepostere
487 1397 550 1461 huo
573 1399 701 1461 inserta.

305 1523 350 1586 At
385 1542 449 1586 non
486 1523 589 1586 solum
627 1522 753 1586 duabus
787 1524 836 1586 bis
868 1521 987 1587 fabulis
1019 1540 1089 1586 mea
1120 1523 1227 1604 opinio
1258 1525 1387 1605 nititur3

262 1649 329 1731 ipse
354 1647 528 1731 Lucienus,
555 1654 590 1712 ut
614 1668 711 1732 supra
731 1650 795 1730 jam
821 1649 898 1731 dixi,
923 1649 962 1712 de
985 1647 1218 1712 fabulatoribus
1231 1648 1390 1732 loquitur:

261 1772 368 1838 πολλοὶ
392 1773 581 1855 συνέγραψαν
606 1776 642 1857 ὡς
666 1773 700 1846 δή
725 1797 806 1846 τινας
832 1774 981 1837 ἑαυτῶν
1006 1771 1124 1845 πλάνας
1148 1772 1198 1836 καὶ
1221 1772 1392 1850 ἀποδημίας

261 1898 347 1980 (Ver.
382 1899 467 1966 Hist.
507 1902 549 1982 3),
584 1919 689 1983 neque
723 1900 929 1984 Augustinus
964 1899 1139 1982 Apuleium
1172 1901 1391 1983 aprimarum

262 2029 371 2088 actore
394 2024 693 2110 Metamorphoseon
717 2028 862 2108 secernit,
886 2045 959 2090 cum
983 2027 1016 2088 in
1042 2024 1175 2089 Ciuitate
1199 2023 1260 2090 Dei
1286 2025 1390 2088 l8.l8.

262 2151 309 2212 sic
335 2149 463 2213 scribit:
492 2154 595 2233 „sicut
618 2152 778 2235 Apuleius
800 2153 834 2214 in
858 2151 957 2234 libris,
978 2171 1059 2235 quos
1079 2152 1173 2215 Asini
1194 2154 1283 2216 aurei
1296 2153 1389 2216 titulo

184 2293 186 2296 ·
259 2275 434 2358 inscripsit,
467 2276 526 2362 stet
559 2277 621 2357 ipsi
654 2278 818 2360 accidisse,
853 2282 889 2341 ut
921 2257 1049 2360 accepto
1081 2296 1215 2359 venene,
1246 2278 1388 2342 humano

261 2401 369 2463 animo
392 2406 600 2483 permanente
624 2403 735 2466 asinus
759 2401 857 2484 fieret,
881 2406 937 2466 aut
956 2402 1108 2465 indicavit
1132 2406 1188 2465 aut
1209 2400 1334 2465 finxit.’'

395 2701 424 2762 4.
450 2697 500 2763 De
523 2697 723 2763 Deponentes
745 2703 775 2762 ct
798 2698 932 2763 Sostrati
953 2701 1035 2764 citis.
1059 2699 1255 2764 Embtcotuto

725 2824 922 2889 indicaretur.

305 3039 505 3106 Promissum
536 3042 571 3103 in
599 3039 762 3104 Piscatore
787 3040 897 3103 datum
920 3058 961 3103 ex
985 3041 1083 3105 altera
1105 3044 1230 3106 tantum
1254 3047 1344 3126 parte
1369 3063 1387 3106 a

261 3164 403 3230 Lucieno
438 3186 507 3231 esse
543 3165 737 3249 absolutum,
774 3167 831 3248 qui
865 3167 900 3228 in
935 3165 1085 3230 omnibus
1117 3188 1135 3231 a
1166 3167 1258 3232 nobis
1282 3168 1387 3232 adhuc

243 3293 446 3356 memoratis
477 3291 628 3376 operibus
663 3292 741 3355 vitia
776 3291 843 3355 sola
868 3291 1035 3355 hominum
1060 3294 1271 3377 castigaverit,
1294 3292 1387 3358 facile

262 3418 387 3502 opinari
409 3420 524 3502 possis.
550 3417 624 3480 Non
648 3421 755 3481 tamen
768 3435 931 3480 censorem
954 3422 1017 3481 tam
1040 3417 1226 3501 malignum,
1239 3423 1274 3482 ut
1287 3419 1387 3482 virtu-

259 3549 308 3608 tes
328 3543 460 3609 laudare
480 3546 639 3608 omitteret
661 3562 735 3608 eum
747 3543 856 3626 fuisse,
868 3548 1003 3608 testatur
1017 3542 1385 3626 DemonactisEtopinm.

307 3669 369 3746 Qui
393 3670 473 3735 liber
497 3690 560 3753 quo
586 3675 728 3753 tempore
752 3671 890 3754 scriptus
914 3672 964 3752 sit,
988 3670 1062 3733 inde
1081 3669 1164 3734 effici
1177 3674 1288 3753 potest,
1301 3671 1388 3753 quod

262 3794 360 3860 verba
384 3796 422 3860 de
445 3796 573 3860 Herode
593 3795 715 3899 Attico,
739 3814 803 3879 quo
824 3795 925 3858 amico
946 3792 1114 3857 Demonax
1134 3794 1292 3878 utebatur,
1313 3798 1389 3862 talia

263 3926 347 4004 sunt,
371 3926 407 3985 ut
429 3922 522 3985 illum
542 3921 609 4003 jam
634 3920 673 3985 de
695 3923 763 3984 rita
787 3920 960 3984 decessisse
981 3918 1108 3982 credere
1127 3920 1229 3983 liceat.
1242 3918 1388 3987 Herodes

195 4115 197 4120 ,
262 4053 370 4113 autem
401 4048 553 4144 quoniam
585 4048 668 4109 circa
696 4066 817 4110 annum
844 4045 905 4107 177
931 4049 1078 4109 mortuus
1102 4051 1160 4128 est,
1183 4044 1387 4111 Demonactis

263 4178 330 4239 vita
355 4180 427 4258 post
449 4174 545 4237 illum
570 4192 690 4236 annum
717 4173 834 4256 scripta
858 4190 928 4236 esse
952 4171 1053 4236 debet.

308 4302 352 4364 At
395 4301 426 4364 id
461 4303 578 4384 ipsum,
623 4300 708 4382 quod
751 4297 913 4361 Lucianus
955 4298 1179 4382 philosophum
1223 4299 1388 4382 aequalem
