3328 5234
810 555 851 617 72

283 769 419 853 quadam
443 787 538 832 scena
559 784 735 850 congruere
756 771 871 829 censet.
890 765 934 829 Ut
954 767 1038 829 enim
1051 767 1251 832 Pithetaerus
1263 769 1399 850 eiusque

281 914 390 959 comes
413 893 615 958 turbulentos
640 895 727 957 cives
749 891 878 975 fugiunt
900 896 931 956 et
953 911 1060 956 rerum
1080 893 1281 978 publicarum
1293 893 1398 957 taedio

281 1023 359 1086 victi
395 1023 492 1084 vitam
530 1021 668 1103 quietam
693 1021 727 1081 in
751 1024 822 1082 aere
845 1020 1048 1102 conquirunt,
1070 1021 1114 1083 ita
1137 1020 1399 1103 Icaromenippus

283 1150 316 1212 in
340 1147 523 1231 aequalium
546 1146 789 1230 philosophandi
811 1147 933 1209 ratione
955 1165 1021 1209 non
1044 1148 1259 1230 acquiescens
1282 1147 1321 1210 ad
1346 1166 1400 1210 su-

284 1293 376 1358 peros
398 1274 486 1356 ipsos
509 1271 661 1352 ascendit,
684 1275 720 1334 ut
743 1291 761 1333 a
784 1269 866 1334 Jove
888 1272 1076 1354 sciscitetur,
1096 1272 1251 1355 quidnam
1263 1273 1312 1334 vir
1323 1291 1400 1355 pru·

286 1400 364 1462 dens
389 1398 428 1462 de
450 1397 709 1481 philosophorum
733 1395 857 1480 placitis
877 1396 1022 1478 judicare
1045 1397 1165 1462 debeat.

330 1524 392 1588 Sed
419 1525 498 1608 quid
521 1525 604 1587 inter
628 1523 708 1586 duas
731 1521 856 1586 fabulas
869 1541 1038 1586 commune
1051 1524 1228 1605 intercedit,
1240 1524 1302 1586 nisi
1316 1523 1403 1606 quod

286 1657 421 1735 uterque
454 1671 510 1736 per
544 1669 649 1714 aerem
683 1649 927 1734 peregrinatur?
961 1649 1075 1733 Neque
1104 1650 1152 1714 illi
1175 1649 1402 1730 ἀεροβατοῦντες

286 1780 376 1844 velut
399 1779 620 1862 Bellerophon,
643 1777 806 1860 Trygaeus
829 1781 860 1840 et
883 1777 938 1839 alii
960 1796 1031 1840 raro
1054 1778 1272 1841 inveniuntur.

331 1906 384 1968 Ad
421 1904 508 1968 illam
540 1905 646 1986 potius
670 1903 859 1966 accedamus
883 1902 1136 1986 descriptionem,
1163 1921 1264 1986 ,quae
1286 1904 1405 1965 mirum

288 2035 322 2096 in
358 2032 487 2095 modum
524 2030 671 2112 congruit
705 2047 778 2091 cum
809 2028 942 2112 Trygaei
971 2030 1056 2113 apud
1079 2049 1211 2113 superos
1235 2029 1405 2093 adventu.”

294 2156 490 2241 „Namque”
515 2158 561 2220 sic
586 2159 827 2238 argumentatur
851 2153 1035 2239 Schnlzeus
1061 2161 1112 2238 „et
1124 2156 1209 2240 apud
1221 2156 1407 2239 Aristopha-

290 2303 363 2348 nem
396 2288 427 2347 et
450 2282 534 2366 apud
557 2279 736 2344 Lucianum
760 2279 939 2344 Mercurius
963 2281 1166 2364 pulsantibus
1189 2281 1272 2346 fores
1298 2284 1408 2366 aperit,

290 2411 441 2492 idemque
476 2408 555 2471 deus
589 2409 622 2469 in
654 2406 737 2471 Pace
760 2425 777 2470 e
799 2405 951 2490 Trygaeo,
976 2409 1123 2489 quisnam
1147 2413 1178 2472 et
1201 2408 1288 2472 unde
1310 2413 1407 2472 natus

291 2537 333 2599 sit
356 2535 544 2615 sciscitatur,
566 2533 600 2594 in
624 2531 757 2595 Luciani
783 2531 907 2615 dialogo
933 2551 974 2595 ex
996 2532 1264 2617 Icaromenippo.’'

337 2660 416 2737 Quis
450 2679 526 2723 vero
550 2659 681 2723 deorum
706 2661 807 2742 magis
830 2659 965 2722 idoneus
988 2663 1044 2740 est,
1068 2664 1106 2722 ut
1124 2658 1256 2742 januam
1280 2661 1409 2742 aperiat,

293 2809 388 2872 quam
413 2786 467 2850 ille
489 2787 629 2850 nuncius
652 2785 856 2849 Mercurius?
879 2783 920 2848 Et
944 2785 1022 2868 quid
1043 2788 1108 2848 tam
1129 2787 1281 2848 usitatum
1296 2785 1409 2848 etvul·

292 2932 368 2997 gare
400 2917 448 2976 est
478 2912 667 2996 putandum,
694 2931 790 2994 quam
814 2915 851 2974 ut
874 2911 902 2974 si
926 2912 998 2993 quis
1021 2912 1209 2995 peregrinus
1232 2911 1316 2975 fores
1338 2911 1409 2995 pul-

294 3043 350 3121 set,
373 3056 490 3102 nomen
513 3036 666 3121 rogetur?

337 3165 426 3229 Licet
454 3184 548 3248 porro
583 3163 758 3227 Schulneus
792 3164 861 3227 iure
884 3163 1139 3227 animadverterit
1163 3161 1350 3247 Menippum
1374 3165 1409 3226 in

295 3292 526 3374 Necyomantia
551 3296 581 3355 et
600 3291 761 3354 Bacchum
775 3289 860 3373 apud
872 3291 1117 3374 Aristophanem
1130 3292 1165 3353 in
1177 3289 1275 3354 Ranis
1286 3295 1410 3354 utrum-

297 3438 359 3502 que
383 3418 464 3501 pelle
484 3417 611 3481 leonina
630 3418 780 3480 indutum
793 3416 832 3480 ad
843 3415 962 3479 inferos
975 3416 1184 3499 descendisse,
1196 3420 1303 3480 tamen
1314 3417 1411 3480 nimis

294 3545 443 3610 audacter
470 3549 566 3608 totam
591 3543 729 3608 fabulam
753 3544 792 3607 ad
815 3544 973 3607 comicum
997 3543 1180 3626 exemplum
1204 3543 1412 3626 compositam

295 3692 364 3737 esse
387 3674 529 3755 conjecit.

339 3797 439 3862 Vides
468 3817 542 3881 ergo
566 3819 661 3881 quam
687 3797 782 3862 debili
804 3797 1012 3861 fundamento
1036 3798 1181 3861 nitantur
1203 3796 1277 3861 illae
1301 3796 1412 3860 Schul-

297 3942 414 3987 zeanae
445 3924 679 4006 similitudines,
706 3930 737 3988 et
762 3943 856 4006 quam
879 3922 981 3986 facilis
1003 3923 1081 3986 haec
1104 3922 1309 4006 comparandi
1332 3924 1412 3986 ratio

298 4051 347 4131 sit,
382 4048 528 4133 exemplo
563 4069 582 4112 a
615 4069 665 4112 me
700 4051 769 4132 ipso
804 4054 928 4132 reperto
953 4054 984 4112 et
1006 4047 1144 4132 profecto
1167 4068 1231 4110 non
1258 4048 1413 4112 deteriore

297 4173 526 4237 demonstrabo.
550 4173 624 4238 Sine
649 4174 754 4256 dubio,
777 4175 884 4257 lector,
904 4179 1128 4258 argumentum
1149 4171 1275 4245 Πυτίνης
1293 4172 1414 4237 Cratini

298 4301 459 4384 cognitum
484 4300 590 4384 habes,
612 4303 647 4363 in
671 4320 734 4385 qna
756 4299 864 4364 fabula
886 4302 1071 4384 ingeniosus
1095 4304 1187 4384 poeta
1211 4298 1414 4364 Comoediam
