3310 5242
825 603 866 666 60

284 836 360 882 eum
381 817 447 899 jem
470 820 562 879 entea
582 815 731 899 aequales
750 813 924 900 flagitiosos
936 819 1138 899 persecutum
1151 835 1220 884 esse
1232 820 1404 886 concedere

286 942 467 1009 debeamus.

328 1067 391 1134 Sed
423 1067 557 1132 Lucieni
588 1067 720 1132 artificio
752 1067 875 1164 detecto
898 1067 981 1131 hanc
1006 1069 1243 1156 chronolqgiam
1267 1091 1363 1157 supra
1384 1091 1404 1135 a

283 1214 335 1260 mc
358 1161 540 1277 indicatam,
564 1193 663 1257 solam
686 1211 796 1258 rorem
818 1210 888 1259 esse
910 1197 1012 1277 patet:
1037 1195 1171 1279 scriptor
1195 1197 1404 1282 quadraginta

284 1339 386 1385 annos
410 1324 506 1384 natus
530 1338 548 1383 a
573 1319 856 1384 declamationibus
881 1319 1006 1384 transiit
1025 1320 1065 1384 ed
1077 1321 1228 1406 dialogos,
1238 1324 1273 1388 in
1286 1322 1404 1407 quihus

284 1447 487 1513 comicorum
512 1451 544 1511 ct
566 1445 708 1530 Menippi
732 1447 991 1548 more'antiquos
1011 1447 1214 1532 philosophos
1232 1451 1404 1534 ipsumque

282 1573 501 1657 philosophiae
535 1571 678 1636 studium
713 1573 857 1635 omnium
881 1573 961 1636 risui
984 1572 1122 1637 tradidit.
1148 1572 1238 1638 Circe
1259 1573 1317 1639 Bis
1339 1574 1404 1638 Ac·

282 1701 433 1762 ousetum
456 1702 487 1761 et
509 1696 705 1763 Piscatorem
727 1697 866 1780 demum,
889 1716 963 1762 oum
988 1699 1130 1782 antiquis
1148 1701 1308 1784 magistris
1319 1700 1405 1765 rale-

286 1822 423 1888 dixisset
450 1829 480 1888 et
504 1843 562 1888 suo
582 1823 706 1906 judicio
730 1825 779 1888 uti
802 1825 964 1909 coepisset,
988 1825 1085 1890 simul
1108 1827 1326 1912 philosophiae
1349 1827 1404 1892 ad-

285 1950 418 2014 mirator
440 1954 472 2014 et
495 1950 677 2033 aequalium
701 1968 814 2015 censor
836 1949 938 2014 lectus
962 1955 1017 2015 cst.

330 2075 364 2141 Si
399 2095 474 2142 vero
505 2078 578 2161 quis
611 2095 661 2142 me
692 2045 790 2161 roget,
819 2097 898 2141 num
926 2075 1089 2142 Lucienus
1112 2083 1185 2163 post
1206 2077 1403 2146 Piscatorem

283 2220 397 2267 revere
429 2220 463 2266 se
489 2201 705 2285 philosophiae
728 2201 857 2285 dederit,
881 2207 976 2286 atque
1000 2204 1069 2267 eius
1093 2203 1216 2268 indoles
1240 2204 1279 2269 ed
1301 2205 1404 2289 philo-

285 2329 432 2414 sophicas
457 2329 659 2413 quaestiones
680 2329 873 2394 dirimendas
893 2329 1238 2415 idoneafuerit,palam
1252 2330 1404 2398 confiteor

283 2421 445 2539 nusquam
478 2457 511 2518 in
543 2454 773 2539 posterioribus
805 2454 953 2540 operibus
980 2475 1031 2520 me
1054 2458 1244 2521 sententiam
1267 2458 1405 2524 ahouius

283 2582 466 2667 philosophi
489 2581 528 2646 ab
553 2600 589 2647 eo
612 2583 657 2646 ite
680 2585 844 2646 tractatam
866 2582 1037 2665 invenisse,
1061 2587 1096 2647 ut
1116 2584 1220 2668 ipsius
1241 2585 1405 2669 scriptoris
1439 2574 1445 2585 ’

284 2708 430 2774 studium
461 2706 512 2772 vel
543 2725 678 2772 acumen
707 2707 855 2791 prodiret.
884 2706 951 2773 Nec
976 2709 1110 2772 mirum:
1135 2706 1296 2774 Lucienus
1318 2715 1405 2794 post-

283 2855 382 2918 quam
414 2833 454 2897 ed
486 2833 765 2917 quadragesimum
797 2853 917 2897 annum
947 2834 1054 2898 rhetor
1084 2834 1146 2898 fuit
1171 2855 1275 2919 neque
1299 2837 1404 2902 ullum

283 2945 554 3046 philosophicum
570 2963 795 3043 argumentum
823 2960 936 3043 attigit,
958 2963 1028 3023 tum
1052 2979 1109 3044 per
1132 2962 1270 3026 comicos
1293 2967 1404 3046 poetas

284 3091 316 3151 et
339 3085 526 3170 Menippum
546 3086 709 3150 satiricum
729 3085 959 3170 philosophiam
979 3088 1137 3171 cognorit.
1159 3085 1281 3163 Quodsi
1294 3093 1404 3172 postca

283 3211 462 3296 Epicurum
485 3215 516 3276 et
538 3209 756 3276 Democritum
783 3213 890 3296 magni
907 3212 991 3296 fecit,
1012 3231 1076 3276 non
1088 3214 1201 3277 intima
1212 3213 1403 3298 placitorum

283 3339 396 3402 notitia
429 3343 577 3402 nostrum
611 3339 796 3423 scriptoram
829 3357 903 3403 cum
934 3338 997 3404 illis
1029 3339 1207 3423 conjunxit,
1238 3340 1293 3404 sed
1318 3342 1404 3426 quia,

283 3470 321 3531 ut
353 3464 517 3530 Lucienus
551 3467 628 3551 ipse,
659 3466 769 3551 populi
800 3467 1036 3550 superstitionis
1068 3466 1240 3531 adversarii
1262 3467 1403 3533 fuerunt.

283 3590 407 3655 Urbani
438 3591 552 3655 deindo
585 3610 687 3656 mores
718 3590 861 3677 Epicuri,
886 3593 942 3675 qui
963 3596 1029 3656 tam
1053 3592 1217 3657 commode
1238 3595 1274 3657 in
1295 3595 1404 3660 insula

283 3716 448 3782 beatorum
473 3718 620 3782 convivio
643 3736 791 3802 praeesse
813 3717 946 3802 fingitur
970 3717 1054 3799 (Ver.
1077 3715 1159 3782 Hist.
1184 3717 1226 3801 H,
1251 3720 1316 3802 18),
1338 3717 1403 3783 Lu-

284 3844 423 3927 cienum,
456 3845 622 3908 hominum
657 3843 796 3908 facetum
831 3847 862 3908 et
897 3842 1073 3927 elegantem
1109 3843 1297 3928 alliciebant,
1327 3864 1401 3909 cum

283 3971 396 4035 rustici
416 3975 447 4052 et
467 3971 606 4054 squalidi
626 3969 748 4053 Cynici,
769 3972 825 4055 qui
844 3974 922 4035 tunc
939 3972 1091 4061 temporis
1103 3972 1216 4054 pannis
1228 3971 1403 4056 indutiper

283 4095 403 4180 plateas
415 4096 570 4180 emebant,
582 4115 733 4161 nauscam
747 4101 778 4160 et
788 4095 951 4160 festidium
963 4096 992 4160 ei
1003 4101 1175 4162 moverent.
1188 4095 1281 4173 Quod
1293 4103 1400 4163 autem

283 4218 459 4306 Diogenem
482 4223 625 4307 ahosquc
650 4221 786 4304 Cynicos
808 4224 842 4285 in
867 4220 1066 4286 Mortuorum
1088 4221 1230 4307 Dialogis
1249 4223 1402 4305 laudavit,

284 4345 471 4432 Menippum
496 4367 591 4413 suum
615 4348 650 4411 in
673 4347 833 4412 scribendi
851 4365 967 4432 genero
987 4348 1175 4433 magistrum
1195 4353 1324 4414 secutus
1344 4353 1399 4414 est
