3310 5242
849 600 890 662 28

324 811 367 876 ad
388 809 522 875 verbum
545 809 773 894 intellegerent,
791 811 857 893 jam
882 811 960 874 satis
979 808 1057 892 dixi,
1076 813 1108 873 et
1125 809 1164 874 ad
1181 811 1278 876 alium
1291 833 1440 899 errorem,

331 938 386 1021 qui
409 935 510 1000 multo
533 937 634 1019 magis
658 940 706 999 est
728 936 896 1018 notandus,
918 953 1024 1019 perge.

367 1061 503 1126 Duobus
537 1060 668 1144 libellis,
697 1061 815 1144 quibus
850 1063 980 1126 nomina
1011 1061 1048 1125 de
1077 1060 1196 1125 Bolneo
1226 1067 1257 1126 et
1280 1063 1317 1128 dc
1339 1063 1440 1129 Domo

320 1193 396 1254 sunt
429 1188 539 1270 indita,
573 1187 735 1252 Lucienus
766 1188 909 1253 aedificia
942 1189 981 1252 ad
1015 1187 1180 1272 publicum
1209 1210 1304 1254 usum
1328 1211 1439 1258 recens

320 1321 426 1400 aperta
461 1319 588 1399 propter
620 1314 774 1378 ambitum
795 1321 840 1379 'et
872 1315 1072 1399 splendorem
1104 1316 1231 1380 eximiis
1264 1318 1440 1383 cumulavit

320 1440 476 1505 laudibus.
507 1439 596 1516 Quae
627 1421 721 1524 opera
753 1460 817 1504 non
842 1440 953 1504 dubito
979 1442 1068 1524 quin,
1091 1445 1127 1505 ut
1148 1441 1242 1505 hodie
1264 1444 1299 1505 in
1321 1445 1441 1508 nostris

201 1631 205 1638 ,
319 1566 443 1631 diurnis
476 1567 764 1630 commendationes
794 1567 955 1650 leguntur,
976 1571 1068 1650 pacta
1092 1567 1236 1631 mercede
1258 1571 1434 1652 composita

319 1695 389 1757 sint.
413 1693 550 1757 Prorsus
571 1693 633 1757 alia
651 1695 775 1756 ratione
797 1692 954 1775 Germani,
976 1694 1160 1776 praesertim
1181 1696 1292 1758 aetatis
1313 1715 1441 1779 praeoe-

321 1819 434 1901 dentiS,
470 1820 555 1902 quod
588 1819 756 1883 consilium
787 1821 820 1881 in
846 1818 1012 1882 scribendo
1036 1824 1165 1882 secutus
1190 1821 1231 1882 sit
1253 1821 1360 1884 rhetor
1384 1841 1441 1886 ex-

319 1947 526 2031 plicaverunt.
563 1945 601 2009 V.
626 1945 655 2010 d.
688 1945 827 2010 Jacobus
861 1945 901 2029 (p.
928 1946 1001 2026 128)
1031 1945 1123 2008 dicit:
1152 1947 1253 2026 „auch
1276 1947 1381 2012 wollte
1405 1967 1441 2013 er

323 2073 467 2157 zugleich
492 2073 542 2136 die
564 2073 704 2155 traurige
725 2071 932 2136 Gewohnheit
952 2071 1292 2156 seinerZeitgenossen
1305 2071 1440 2139 Schatze

322 2197 536 2263 aufzuhiiufen
559 2197 766 2261 unvermerlrt
789 2196 998 2280 verspotten''.
1101 2222 1105 2225 ¹

365 2324 428 2388 Fac
451 2322 593 2387 Lucieno
614 2324 727 2405 juveni
750 2323 863 2386 luxum
885 2326 915 2386 et
935 2321 1150 2386 aedificiorum
1171 2329 1354 2387 ornamenta
1375 2324 1440 2388 dis-

322 2451 483 2534 plicuisse,
506 2451 549 2513 ita
570 2455 607 2513 ut
630 2449 779 2532 aequales
803 2448 842 2511 ad
867 2449 1026 2532 simplices
1046 2451 1202 2512 maiorum
1224 2469 1326 2514 mores
1348 2470 1440 2515 revo-

320 2581 412 2659 caret,
447 2595 603 2659 quaenam
638 2595 688 2639 res
720 2595 793 2638 eum
822 2575 1022 2658 impediebat,
1054 2576 1237 2658 quominus,
1270 2576 1442 2659 quaesibi

320 2702 458 2766 notanda
492 2702 687 2783 viderentur,
722 2700 820 2764 libere
854 2700 1070 2784 improbaret?
1094 2699 1167 2764 Non
1192 2701 1296 2766 hercle
1318 2704 1346 2766 is
1370 2709 1439 2768 erat

321 2827 492 2910 Lucienus,
520 2831 584 2911 qui,
608 2847 691 2911 qnae
715 2827 923 2910 vituperanda
949 2828 1086 2909 duceret,
1109 2830 1256 2892 reticeret
1279 2834 1309 2893 et
1333 2830 1439 2913 impli-

321 2957 381 3019 cite
409 2956 585 3038 castigaret,
609 2955 663 3018 sed
688 2956 775 3017 omni
798 2954 948 3036 scrupulo
972 2952 1134 3038 liberatus,
1159 2960 1194 3019 ut
1217 2960 1326 3039 postea
1349 2957 1439 3021 vide-

320 3081 435 3165 bimus
457 3083 491 3146 in
516 3081 698 3165 aequalium
723 3100 844 3145 errores
867 3082 1014 3144 invectus
1039 3085 1093 3144 est.

363 3207 476 3291 Neque
499 3209 670 3271 veteriores
693 3210 819 3270 tantum
845 3211 881 3270 ut
904 3205 1044 3270 Jacobus
1066 3205 1153 3269 illam
1176 3206 1343 3288 ,latentem
1363 3209 1438 3271 sati-

320 3335 408 3398 ram''
432 3337 466 3398 in
491 3335 612 3398 deliciis
636 3333 803 3415 habebant,
825 3333 918 3396 hodie
943 3352 1072 3417 quoque
1095 3334 1178 3396 inter
1198 3332 1371 3397 Germanos
1383 3334 1438 3398 ille

320 3476 407 3525 error
428 3461 519 3524 floret
542 3461 699 3543 vigetque.
723 3459 885 3542 Inspicias,
911 3478 1037 3541 quaeso,
1059 3457 1252 3521 Graecorum
1273 3459 1437 3524 historiam

320 3587 380 3651 sub
411 3585 627 3650 Romanorum
661 3586 876 3649 dominatione
900 3605 917 3647 a
943 3605 970 3646 v.
994 3585 1032 3648 cl.
1057 3583 1265 3668 Hertzbergio
1288 3587 1438 3669 scriptam

321 3713 371 3796 (II.
406 3714 480 3795 508)
513 3718 543 3776 et
574 3713 650 3775 talia
671 3710 954 3775 verba‘invenies:
983 3708 1125 3792 „Lucian
1149 3710 1255 3774 wollte
1277 3713 1312 3773 in
1335 3711 1438 3775 dieser

321 3838 438 3903 Schrift
466 3838 618 3930 (loquitur
641 3838 680 3901 de
702 3836 784 3900 libro
809 3836 847 3900 da
870 3834 1049 3918 Saltotioee)
1072 3836 1189 3900 wieder
1208 3836 1324 3899 einmal
1343 3838 1437 3900 einen

319 3964 478 4030 blendend
512 3964 654 4028 soharfen
680 3963 804 4047 Spiegel
829 3965 917 4026 einer
938 3963 1050 4026 heillos
1074 3963 1261 4026 verlohrten
1286 3963 1436 4027 Zeitrich-

319 4096 401 4174 tung
430 4089 624 4154 vorholten''.
647 4089 838 4173 Nuperrime
863 4111 891 4154 r.
916 4091 944 4154 d.
966 4088 1145 4154 Richardus
1158 4088 1183 4174 1)
1207 4092 1284 4155 haee
1308 4093 1435 4176 scripsit

322 4271 466 4280 ——-

351 4374 380 4440 1)
397 4374 440 4426 W.
459 4375 578 4441 Richard,
597 4375 679 4426 Ueber
696 4375 736 4425 die
755 4374 966 4441 Lykinusdialoge
983 4375 1027 4426 des
1043 4376 1148 4426 Lucian.
