3310 5242
777 564 818 626 39

237 777 302 856 Qui
325 780 409 863 apud
431 784 609 864 utrumque
633 778 818 862 scriptorem
843 782 1013 863 postquam
1037 777 1162 842 invitus
1172 777 1208 841 in
1221 776 1354 840 domum
1383 773 1385 780 '

233 905 360 988 irrupit,
379 909 446 969 tam
472 905 636 990 impudice
660 923 693 968 se
715 905 822 989 gessit,
847 909 883 969 ut
906 903 1059 968 omnibus
1071 902 1222 968 ruborem
1235 903 1357 967 incute·

234 1037 293 1097 ret.
325 1033 394 1097 Alc.
427 1034 511 1098 enim
543 1034 577 1096 in
600 1032 700 1116 Epist.
724 1031 789 1096 fine
812 1032 954 1117 scripsit:
978 1031 992 1095 θ
1015 1029 1088 1094 κθοιυ
1111 1029 1143 1093 δὲ
1164 1031 1264 1110 πρῶτα
1288 1025 1357 1109 οὔρει

233 1157 317 1222 κατθι
346 1158 398 1232 τὴν
421 1157 533 1232 κυνικὴν
557 1157 742 1242 ἀδιαφορίαν,
770 1179 910 1243 quocum
935 1157 1078 1223 conferas
1102 1155 1199 1221 (θοῦν.
1224 1157 1265 1220 35
1289 1154 1302 1218 ὃ
1326 1154 1356 1219 δὲ

239 1282 401 1362 θαυμοθσιος
424 1283 617 1363 Ἀλκιδοθμας
640 1282 691 1347 καὶ
716 1283 799 1364 ἐούρει
822 1284 850 1348 ἐν
873 1283 913 1364 τῷ
938 1282 1028 1365 μέσῳ,
1050 1283 1100 1346 οὐκ
1122 1276 1357 1358 αἰδούμενοςτοὶς
1383 1291 1385 1295 ’

232 1415 393 1487 γυναῖκας.
418 1410 487 1474 Alc.
511 1412 628 1475 iterum
654 1411 687 1473 in
712 1408 776 1474 fine
796 1410 964 1495 epistolae:
985 1405 1088 1472 ἔπειτα
1106 1404 1155 1471 καὶ
1176 1403 1356 1486 Δυριδατθρν

232 1533 410 1614 μουσουργὸν
428 1527 482 1606 οἷος
503 1528 535 1608 ἦν
556 1535 584 1599 ἕν
605 1536 772 1614 ὀφθαλμοῖς
796 1532 934 1599 οὶσοθντυν
959 1535 1089 1618 ἐνεργεῖν,
1113 1551 1254 1617 quocum
1280 1550 1354 1595 con-

231 1663 356 1746 spirant
378 1660 475 1726 verba
498 1662 582 1746 apud
606 1660 681 1725 Luc.
706 1660 802 1725 Oonv.
827 1662 869 1724 46
891 1659 1063 1742 κατελήφθη
1084 1656 1277 1735 Ἀλκιδθμοις
1301 1654 1354 1729 τὴν

230 1785 398 1868 αὐλητρίδα
416 1785 595 1864 ἀπογυμνῶν
615 1783 665 1850 καὶ
686 1787 753 1866 ιιρδς
771 1786 841 1865 βίαν
861 1788 1064 1867 συνενεχθῆναι
1083 1786 1159 1866 αὐτῇ
1173 1781 1354 1862 σιτουδοθζων.

278 1913 386 1977 Etiam
412 1913 622 1996 manifestius
642 1914 719 1998 quid
740 1915 871 1979 rationis
885 1917 1157 1996 interutrurnque
1169 1909 1355 1994 intercedat,

228 2059 352 2104 nomen
383 2041 487 2121 cynici
509 2040 638 2123 indicat,
663 2041 718 2123 qni
742 2042 826 2125 apud
849 2041 1075 2126 Alciphronem
1102 2039 1274 2104 Pancrates
1298 2056 1353 2100 vo-

229 2169 332 2249 catur,
369 2185 387 2228 a
420 2164 561 2230 Lucieno
585 2185 668 2249 vero,
692 2167 747 2249 qui
772 2167 996 2250 philosophum
1021 2160 1253 2244 παγκρατιάζειν
1275 2161 1351 2226 facit

232 2287 344 2372 (Gonu.
371 2291 422 2370 19)
445 2292 480 2354 in
502 2291 725 2355 Alcidamanta
747 2296 898 2357 mutatur.

277 2414 376 2479 Vides
411 2434 484 2499 ergo
519 2411 747 2500 Alciphronem
783 2437 848 2481 non
878 2415 1060 2481 Lucienum
1092 2419 1239 2480 secutum
1273 2431 1352 2495 esse,

227 2541 315 2604 sicut
344 2540 539 2606 Fritzsohius
569 2543 717 2626 opinatus
750 2547 804 2621 est,
829 2543 884 2608 sed
907 2543 962 2606 illa
985 2541 1115 2626 parasiti
1138 2541 1226 2620 ῥῆσις,
1251 2557 1349 2622 quam

226 2667 404 2751 Alciphron
436 2669 475 2732 ad
507 2670 623 2733 comici
650 2669 785 2734 alicuius
808 2669 996 2752 exemplum
1021 2684 1130 2750 presse
1153 2664 1272 2747 refecit,
1296 2667 1352 2728 ant

227 2812 248 2855 a
271 2790 421 2877 Lucieno,
445 2799 480 2857 ut
502 2795 652 2878 aequales
675 2796 878 2880 philosophos
901 2795 1138 2878 perstringeret,
1157 2791 1257 2856 libere
1278 2810 1351 2855 mu·

226 2923 295 2983 tata
317 2924 348 2984 et
371 2924 464 2984 aucta
487 2925 543 3004 est,
556 2921 579 3006 ¹)
602 2927 666 3004 aut,
680 2922 765 3005 qnod
778 2922 859 2986 mihi
871 2919 1082 2985 verisimilius
1093 2919 1229 3000 videtur,
1239 2915 1351 3000 Cynici

226 3049 356 3109 tantum
380 3065 549 3129 personam
574 3049 700 3112 satirico
724 3046 877 3132 praebuit.

272 3171 368 3236 Nunc
389 3172 429 3236 ad
447 3173 639 3238 Toxaridem
661 3179 870 3254 revertamur,
883 3176 922 3255 et,
936 3189 1018 3256 quae
1029 3170 1233 3236 necessitudo
1245 3171 1281 3234 in
1293 3171 1351 3233 hac

227 3317 357 3382 quoque
378 3298 487 3362 fabula
511 3298 651 3364 Lucieno
671 3319 748 3363 oum
767 3299 962 3382 Alciphrone
973 3297 1157 3379 intercedat,
1170 3296 1348 3360 videamus.

270 3422 309 3486 In
333 3426 472 3487 convivii
495 3423 761 3509 descriptionibus
782 3426 965 3508 argumenti
979 3422 1157 3488 similitudo
1171 3439 1224 3485 me
1238 3422 1349 3505 movit,

225 3553 263 3612 ut
287 3567 491 3615 communem
518 3553 720 3616 admitterem
745 3553 879 3638 fontem,
903 3549 1055 3613 hisvero
1080 3567 1258 3632 paucorum
1279 3565 1349 3611 ver·

225 3674 337 3739 borum
372 3679 457 3760 apud
487 3677 666 3742 Lucianum
702 3684 733 3743 et
765 3681 801 3742 in
833 3676 958 3741 duabus
985 3675 1119 3740 diversis
1143 3674 1349 3758 Alciphronis

224 3802 364 3885 epistolis
391 3805 430 3883 (3.
449 3786 497 3868 '50
522 3809 552 3868 et
576 3806 602 3868 3.
628 3805 684 3885 62)
710 3807 920 3870 inventorum
946 3802 1155 3886 congruentia
1174 3799 1348 3886 Koclrium,

224 3932 259 3991 ut
282 3946 487 3993 communem
514 3931 672 4015 originem
699 3931 749 3998 his
774 3928 854 3993 loeis
877 3928 1039 4010 tribueret,
1062 3928 1200 4010 impulit

265 4052 478 4138 Inspiciamus
502 4060 622 4139 autem,
646 4074 730 4136 quae
754 4052 927 4118 convenire
950 4053 1130 4117 contendit:

220 4234 365 4242 ——-—-

254 4323 279 4388 l)
295 4323 382 4376 Etiam
400 4324 513 4391 Menippi
530 4327 663 4387 Συμπόσιον
681 4324 892 4390 philosophorum
909 4326 1041 4379 Lucienus
1058 4327 1131 4391 sequi
1149 4325 1240 4392 potuit.
