3310 5242
759 560 801 626 63

229 774 373 858 piissima
406 792 480 858 erga
512 773 702 857 magistrum
735 771 832 836 verba
866 792 940 837 oum
975 771 1110 838 Luciam
1140 773 1248 838 indole
1278 791 1344 838 non

231 899 452 963 convenientia
478 898 667 982 judicarent,
698 899 774 963 satis
806 898 956 963 audacter
985 903 1087 965 totum
1118 899 1281 983 dialogum
1310 901 1345 963 in

231 1024 364 1090 dubium
393 1028 589 1090 vocaverunt
617 1024 699 1089 nihil
729 1029 886 1108 curantes,
918 1023 1004 1108 quod
1035 1025 1241 1109 Nritzachius
1263 1027 1345 1110 peri-

230 1151 373 1216 tissimus
403 1149 580 1216 Lucianeae
611 1151 758 1216 dictionis
785 1150 897 1233 judex,
929 1151 1090 1236 dialogum
1119 1150 1159 1216 ob
1183 1153 1343 1217 sincerum

231 1294 409 1340 sermonem
437 1295 495 1360 pro
524 1277 664 1360 genuino
695 1295 789 1360 opere
819 1295 944 1361 semper
974 1276 1092 1342 habuit.
1123 1278 1191 1342 Alii
1215 1279 1345 1344 satiram

230 1400 281 1465 vel
315 1401 472 1466 occultam
505 1402 558 1466 vel
592 1405 732 1486 apertam
766 1421 801 1466 se
833 1402 942 1467 videre
971 1402 1134 1486 putabant.
1167 1403 1343 1483 Ohlcbus1)

231 1525 321 1590 dicit:
359 1525 442 1609 „Qui
476 1547 541 1591 uno
576 1528 718 1612 magistri
754 1546 898 1593 sermone
930 1547 964 1592 se
997 1529 1042 1592 ita
1075 1530 1240 1594 institutos
1274 1548 1345 1595 esse

230 1653 366 1732 credant,
390 1659 427 1718 ut
448 1654 621 1738 prudentes
645 1672 710 1718 uno
733 1653 784 1718 die
805 1653 880 1718 facti
899 1653 1028 1737 fuerint,
1047 1673 1102 1720 eos
1122 1654 1207 1718 haud
1219 1655 1343 1720 occulte

230 1779 331 1844 eludit
359 1779 551 1845 Lucienus''.
582 1778 721 1846 Moesius
735 1781 759 1864 ⁹)
792 1785 916 1846 noster:
944 1779 1126 1863 „Sententia
1148 1779 1283 1846 Luciani
1305 1782 1345 1848 de

228 1902 363 1989 Nigrino
386 1910 434 1970 est
456 1910 521 1970 tota
544 1904 699 1970 satirioa”.
719 1906 759 1969 A.
779 1904 924 1972 Schwarz
937 1906 977 1989 8):
998 1905 1124 1970 Luhian
1144 1907 1342 1973 affectirtein

228 2029 537 2096 unbeschreibliches
569 2030 945 2116 (tliickseliglreitsgefiihl
976 2031 1058 2097 iiber
1083 2031 1238 2116 Nigrinus
1262 2032 1344 2097 Vor-

228 2158 298 2240 trag
317 2157 384 2222 und
404 2158 509 2222 macht
528 2158 629 2222 durch
646 2159 732 2223 diese
750 2157 878 2243 fingirte
896 2158 1031 2224 Ekstaso
1051 2159 1112 2224 den
1131 2160 1343 2226 ltioherlichen

227 2280 374 2348 Versuch
396 2284 451 2348 des
473 2283 774 2369 Sohulersiichtigen
797 2283 1012 2369 Philosophen
1036 2287 1094 2350 mit
1113 2285 1216 2350 dieser
1235 2284 1345 2351 Philo-

227 2408 336 2491 sophie
366 2410 459 2474 einen
489 2408 614 2474 Lukian
645 2430 705 2474 aur
734 2410 983 2495 Bewunderuug
1014 2411 1235 2476 hinzureissen
1259 2413 1343 2477 noch

227 2533 462 2601 lecherhcher.’'

269 2661 378 2746 Atque
400 2662 476 2726 haec
496 2663 622 2746 quidem
645 2663 800 2747 exempla,
820 2683 903 2748 quae
921 2663 1026 2748 lepide
1048 2666 1230 2749 ostendunt,
1242 2685 1344 2750 quan·

225 2790 332 2870 topere
371 2788 525 2873 philologi
559 2791 660 2854 nostri
690 2789 794 2858 ‚seculi
829 2793 896 2854 arte
929 2791 1160 2875 interpretandi
1196 2792 1342 2875 calleant,

226 2911 363 2976 habetis:
394 2932 481 2978 nuno
512 2933 571 2998 age
601 2915 775 2979 convertite
806 2917 930 2979 animos
961 2914 1002 2978 ad
1023 2915 1130 2999 ipsum
1154 2914 1342 2981 truciacum.

269 3035 377 3100 Primo
411 3041 588 3104 statuamus
620 3044 744 3124 oportet
773 3041 808 3104 in
839 3039 953 3124 verbis,
984 3059 1067 3124 quae
1088 3043 1157 3127 ipse
1180 3040 1343 3108 Lucienus
1429 3114 1432 3121 ,

225 3161 259 3224 in
293 3162 415 3247 dialogo
448 3163 576 3230 locutus
611 3169 668 3250 est,
704 3185 745 3232 ne
773 3166 975 3232 levissimum
1007 3167 1137 3250 quidem
1168 3168 1342 3252 vestigium

226 3289 339 3352 satirae
368 3293 478 3353 contra
506 3288 676 3374 Nigrinum
709 3292 843 3376 scriptae
866 3310 1029 3375 apparere,
1053 3292 1211 3356 occultam
1234 3298 1342 3358 autem

224 3411 310 3476 illam
344 3415 487 3492 ironiam,
511 3417 718 3499 quantumvis
741 3417 812 3481 aliis
836 3418 1046 3502 carissimam,
1069 3419 1182 3502 procul
1206 3440 1225 3484 a
1248 3419 1342 3484 nobis

225 3539 406 3606 habeamus.

268 3665 382 3752 Neque
415 3673 580 3754 praecepta
614 3689 634 3732 a
667 3665 802 3753 Nigrino
833 3670 948 3735 tradita
979 3669 1018 3734 ab
1044 3669 1110 3734 ulla
1132 3674 1222 3754 parte
1244 3670 1342 3754 digna

226 3797 309 3876 sunt,
340 3813 433 3878 quae¹
452 3793 614 3860 Lucienus
644 3796 800 3877 derideat;
832 3797 965 3861 eandem
989 3799 1075 3863 enim
1102 3797 1278 3862 doctrinam
1303 3797 1342 3862 de

226 3919 339 3986 studiis
369 3921 550 3986 mortalium
579 3924 752 4006 continent,
781 3942 817 3987 ac
839 3923 874 3986 in
898 3922 989 3988 Gallo
1013 3924 1119 4010 gallus
1146 3923 1338 3991 domesticus

232 4072 375 4084 -ι-

257 4140 283 4206 1)
299 4141 328 4194 G.
346 4143 465 4196 Ghlebus.
482 4142 522 4195 De
538 4143 651 4196 Lucieno
667 4146 825 4212 philosopho.
842 4161 868 4210 p.
885 4145 927 4198 27.

257 4233 283 4295 2)
300 4234 329 4284 h.
347 4234 423 4286 Mees.
440 4237 476 4286 De
493 4234 554 4287 Luc
571 4236 671 4300 scriptis
686 4237 776 4301 juven.
795 4252 820 4301 p.
836 4235 879 4288 47.

256 4323 329 4388 31h.
346 4325 472 4378 Schwarz.
489 4327 571 4378 Ueher
588 4327 703 4378 Lukians
721 4327 856 4394 Nigrinus.
