3310 5242
845 573 887 637 54

307 789 439 873 sionem,
462 809 544 874 quae
567 790 713 874 inprimis
732 790 765 852 in
782 790 885 873 priore
898 789 1022 874 dialogo
1034 791 1425 874 invenitur,transeamns.

355 915 533 998 Rhetorica,
568 936 663 999 quam
695 914 858 980 Luciacus
892 921 927 982 ut
958 937 1048 981 suam
1080 936 1212 981 uxorem
1242 919 1424 1002 induxerat,

307 1045 460 1108 maritum
502 1040 654 1113 κακώσεως
696 1046 727 1106 et
761 1042 908 1106 adulterii
940 1061 1031 1107 reum
1065 1042 1139 1106 fecit
1174 1043 1335 1125 (26-30).
1370 1043 1423 1108 Ad

306 1171 427 1233 crimen
463 1167 629 1232 derelictae
663 1166 808 1250 feminae,
843 1186 924 1251 quae
958 1169 1118 1252 ingratum
1154 1169 1259 1232 virum
1289 1167 1423 1254 Dialogo

306 1294 468 1358 amasicne
498 1295 547 1357 uti
579 1292 779 1376 querebatur,
808 1291 970 1358 Lucienus
1001 1313 1035 1358 se
1063 1294 1164 1358 multa
1188 1295 1318 1378 quidem
1340 1293 1424 1360 Rhe·

305 1421 422 1483 toricae
441 1418 555 1483 debere
575 1417 751 1501 confitetur,
771 1419 846 1502 quia
866 1439 1044 1503 numquam
1061 1421 1130 1484 sine
1142 1422 1275 1486 saintet
1287 1420 1424 1486 Graecos

305 1545 382 1610 adeo
417 1544 627 1626 inclaruisset,
664 1544 720 1608 sed
755 1563 829 1608 cum
865 1550 974 1628 postea
1006 1563 1141 1610 uxorem
1173 1545 1234 1610 sibi
1263 1544 1424 1612 infidelem

307 1690 376 1737 esse
407 1672 608 1755 cognovisset
637 1675 669 1736 et
701 1675 888 1734 ornamenta
910 1673 979 1735 eius
1003 1673 1182 1736 meretricia
1205 1690 1329 1756 semper
1351 1676 1425 1736 ante

308 1798 418 1862 oculos
453 1796 568 1862 habere
591 1816 626 1862 se
649 1797 799 1880 taederet,
822 1798 933 1880 optimi
955 1795 1082 1882 Dialcgi
1104 1797 1368 1863 consuetudinem
1391 1817 1425 1863 se

308 1924 458 2008 petivisse
482 1923 565 1987 dicit.
589 1922 649 1988 Vel
672 1923 778 2006 potius
800 1925 887 1987 omni
909 1925 1048 2007 imagine
1067 1925 1204 2007 seposita
1222 1924 1300 1988 haec
1320 1924 1424 1988 addit:

309 2053 407 2123 κακῶς
426 2042 490 2129 εἶχέ
511 2072 559 2126 μοι
578 2046 659 2129 ἀνδρὶ
680 2045 734 2122 ἤδη
752 2046 970 2129 τετταράκοντα
981 2045 1031 2122 ἔτη
1044 2048 1151 2128 σχεδὸν
1162 2046 1292 2127 γεγονότι
1305 2047 1427 2130 θορύβων

312 2174 366 2252 μὲν
390 2174 498 2239 ἐκείνων
522 2172 574 2237 καὶ
598 2173 681 2238 δικῶν
703 2171 904 2253 ἀκκλλάχύαι
927 2171 976 2238 καὶ
1000 2173 1065 2246 τοὺς
1087 2174 1194 2255 ἀνδρας
1205 2173 1271 2248 τοὺς
1283 2174 1427 2248 δικαστάς

309 2301 446 2380 ἀτρεμεῖν
470 2301 530 2385 ε’ἀν,
551 2298 691 2378 τυράννονν
703 2299 879 2380 κατηγορίαι
891 2297 943 2364 καὶ
957 2298 1091 2380 ἀριστέων
1104 2300 1236 2374 ἕταύνους
1248 2298 1428 2386 ἐκφυγόντα,

276 2463 279 2466 -
310 2429 341 2500 ἐς
373 2425 403 2492 δὲ
435 2426 487 2502 τὴν
520 2425 724 2505 Ἀκαδήμειαν
748 2424 799 2491 καὶ
824 2428 852 2499 ἐς
875 2427 908 2491 τὸ
931 2425 1051 2491 Λύκειον
1075 2427 1195 2492 ἕλύύντα
1218 2429 1258 2508 τῷ
1281 2426 1428 2510 βελτίστῳ

310 2551 402 2636 τούτῳ
434 2553 572 2634 Διαλόγῳ
600 2560 830 2636 συμπεριπατεῖν
855 2553 949 2636 ἠρέμα
973 2552 1205 2634 διαλεγομένους,
1228 2558 1284 2619 τῶν
1306 2553 1429 2620 ἕσαύνυν

311 2679 363 2745 καὶ
389 2677 492 2760 κρύτυν
515 2681 546 2745 ού
571 2678 721 2760 δεομένους
746 2683 820 2764 (32).
1176 2659 1183 2674 ’

357 2808 504 2872 Alterum
532 2809 663 2892 crimen,
692 2827 754 2892 quc
774 2807 941 2883 ¹Lucianus
965 2827 983 2871 a
1005 2805 1139 2892 Dialogo
1163 2811 1340 2891 accusatur,
1362 2809 1431 2894 (33)

312 2936 373 3001 hoc
396 2939 459 3000 est:
484 2937 623 3020 graviter
645 2933 800 3019 Dialogus
821 2934 890 3012 fert,
913 2935 999 3019 quod
1019 2954 1078 2999 sua
1098 2934 1222 2999 indoles
1242 2955 1260 2998 a
1279 2935 1431 3019 scriptore

312 3064 348 3127 in
378 3063 572 3127 comicorum
603 3060 811 3144 petulantiam
841 3065 965 3125 mutata
988 3062 1029 3125 sit
1054 3058 1234 3143 (coapostata
1256 3064 1431 3139 προσωπεῖον

313 3186 424 3271 ἀφεῖλέ
446 3211 513 3271 μου,
532 3187 657 3265 κωμικὸν
677 3187 708 3252 δὲ
727 3185 803 3252 ἀλλο
823 3187 874 3252 καὶ
896 3187 1045 3268 σατυρικὸν
1065 3184 1185 3259 ἕτέύνκε
1204 3184 1316 3264 μοικαὶ
1329 3191 1431 3267 μικροῦ

288 3323 290 3328 ’
314 3313 373 3378 δεῖν
408 3316 542 3396 γελοῖον),
573 3314 628 3379 sed
653 3316 772 3378 maiore
794 3316 945 3380 incensus
969 3317 1016 3378 est
1039 3313 1156 3396 dolore,
1179 3313 1265 3396 quod
1287 3312 1431 3379 biformis

315 3440 501 3525 Menippeas
524 3443 637 3506 satirae
657 3447 771 3506 natura
792 3441 853 3506 sibi
873 3425 1004 3506 obtrusa
1016 3443 1108 3523 esset,
1119 3441 1163 3504 ita
1174 3444 1211 3504 ut
1222 3458 1315 3504 nemo
1328 3439 1432 3506 dicere

315 3573 432 3652 posset,
455 3572 565 3632 utrum
590 3568 706 3653 dialogi
729 3569 832 3633 soluta
857 3588 899 3632 an
922 3568 1029 3631 vincta
1053 3567 1193 3633 oratione
1206 3571 1313 3632 essent
1323 3569 1434 3651 scripti

317 3692 362 3776 (τὸ
384 3691 442 3773 you
466 3690 583 3756 τάνσαν
606 3692 805 3766 ἀτοιιύτατον,
830 3690 1014 3772 apotolatus
1034 3686 1196 3772 ταράδοξον
1216 3688 1361 3772 κέκραμαι
1379 3689 1433 3756 καὶ

316 3817 381 3884 ούτε
404 3817 490 3900 σεζύς
513 3819 582 3896 εἰμι,
605 3816 665 3883 οὔτ’
691 3816 739 3882 ἐστὶ
763 3821 819 3882 τῶν
844 3815 954 3897 μέτρων
979 3815 1111 3894 βέβηκα,
1124 3814 1196 3881 ἀλλ’
1209 3815 1434 3898 ἱπποκενταύρου

318 3945 398 4021 δίκην
422 3943 553 4010 σύντεύέν
576 3969 604 4010 τι
627 3943 679 4011 καὶ
704 3942 783 4020 ξένον
807 3942 924 4027 Φάσμα
946 3948 1007 4016 τοῖς
1030 3940 1163 4008 ἀκούουσι
1186 3944 1278 4026 δοκῶ).

366 4071 620 4156 ,Speraveram,”
644 4091 718 4137 reus
741 4072 919 4155 respondet,
946 4069 1031 4152 ,fore
1056 4075 1090 4135 ut
1114 4071 1258 4155 dialogus
1283 4072 1341 4135 hac
1364 4091 1434 4136 mu·

319 4201 437 4263 tatione
457 4198 624 4282 gauderet3
646 4199 838 4263 adsciveram
853 4199 943 4262 enim
966 4195 1167 4262 comoediam
1188 4203 1219 4261 et
1238 4197 1435 4282 Menippum,

319 4330 356 4390 ut
390 4325 534 4409 dialogus
564 4325 685 4390 facetiis
717 4330 847 4390 ornatus
878 4323 1063 4389 hominibus
1094 4309 1195 4390 carior
1226 4323 1315 4390 fieret
1339 4345 1435 4410 quam
