3328 5234
842 583 905 645 128

301 795 410 859 voluit.
442 794 525 859 Nam
561 814 635 859 oum
658 795 693 858 in
716 794 773 859 Bis
796 794 960 860 Accusato
984 795 1168 862 Lucianum
1193 799 1349 882 juvenem
1372 817 1430 883 per

305 914 472 985 Graeciam
507 920 598 984 Ionio
634 921 709 984 sinu
744 921 875 1002 traJ'ecto
909 921 944 984 in
979 921 1106 986 Italiam
1143 923 1323 1007 profectum
1359 942 1430 989 esse

304 1047 442 1131 legisset,
473 1047 556 1110 hanc
587 1047 874 1131 peregrinationem
901 1047 1019 1112 multis
1042 1049 1290 1114 excursionibus
1313 1049 1429 1115 additis

306 1173 347 1238 ad
381 1173 572 1237 rhetoricam
606 1173 731 1236 itineris
766 1172 1011 1256 descriptionem
1044 1175 1089 1238 ita
1123 1177 1299 1258 exornavit,
1335 1177 1430 1260 quasi

304 1296 468 1363 Lucienus
500 1304 536 1362 ut
559 1298 656 1361 homo
681 1298 947 1382 opulentissimus
967 1300 1140 1383 voluptatis
1165 1320 1262 1366 causa
1285 1302 1346 1366 hoc
1368 1304 1430 1367 iter

305 1424 440 1489 fecisset.
463 1423 593 1488 Insulae
617 1422 739 1487 Cnidus
760 1428 792 1487 et
813 1421 947 1488 Rhodus
972 1444 990 1487 a
1013 1422 1135 1488 Lucino
1159 1426 1227 1510 (qui
1246 1428 1428 1510 primarum

306 1555 354 1614 est
384 1549 480 1630 actor)
512 1549 693 1615 lustrantur
715 1553 746 1613 et
770 1549 809 1612 de
832 1549 1044 1614 nobilissimis
1069 1551 1145 1616 deae
1167 1551 1303 1616 Veneris
1327 1553 1429 1637 signis

307 1681 338 1741 et
372 1677 500 1761 templis
523 1676 646 1761 amplae
669 1672 835 1759 ἐκφράσεις,
858 1677 952 1741 cuius
976 1677 1053 1741 artis
1077 1676 1219 1742 rhetores
1243 1677 1429 1762 peritissimi

306 1805 405 1885 erant,
432 1801 525 1866 nobis
548 1801 733 1867 offeruntur.
758 1800 862 1865 Etiam
886 1801 1036 1866 creticam
1060 1800 1201 1865 fabulam
1227 1802 1266 1866 de
1290 1802 1429 1885 quodam

307 1926 420 1991 Cnidio
438 1929 568 2010 juvene,
592 1929 649 2011 qui
672 1947 746 1992 cum
768 1927 895 1992 Venere
918 1947 1094 1992 marmorea
1113 1948 1181 1994 rem
1205 1928 1324 2006 habuit,
1337 1927 1430 1994 aLu·

228 2095 231 2101 ,
306 2056 399 2118 ciano
433 2056 467 2117 in
501 2054 701 2139 Imaginibus
735 2055 778 2137 (4)
813 2053 915 2118 obiter
949 2058 1238 2138 commemoratam,
1269 2055 1427 2119 Amorum

307 2181 442 2263 scriptor
465 2180 568 2264 ample
592 2181 741 2246 narravit.

348 2304 390 2368 ΙΙ.
421 2303 545 2371 Deinde
575 2310 721 2389 superest
751 2303 905 2390 Ηαῑοροα,
939 2306 994 2389 qui
1028 2304 1110 2369 liber
1141 2310 1270 2390 propter
1291 2304 1426 2369 formam

305 2431 423 2515 dialogi
457 2431 497 2495 ad
524 2431 698 2496 secundam
722 2430 858 2495 Luciani
881 2434 1015 2495 aetatem
1039 2430 1226 2496 referendus
1250 2435 1341 2514 esset,
1364 2432 1430 2497 nisi

304 2557 403 2622 verba
433 2557 564 2622 credula
590 2555 673 2630 κλέος
697 2555 727 2621 δὲ
751 2555 858 2635 μύθων,
882 2549 935 2621 οἷον
958 2555 1122 2636 παρέδοσαν
1146 2555 1281 2641 πατέρες,
1304 2562 1429 2623 τοιοῦτον

305 2681 357 2748 καὶ
393 2680 495 2747 παισὶν
529 2683 608 2760 ἐμοῖς
645 2683 807 2764 παραδώσω
843 2685 886 2767 (8)
921 2683 1090 2768 afficerent,
1126 2690 1162 2749 ut
1196 2705 1375 2768 numquam
1411 2705 1431 2749 a

305 2809 447 2875 Luciano
471 2811 599 2875 satirico
624 2810 720 2874 scribi
743 2811 895 2894 potuerit.

350 2934 408 2998 ΙΠ.
443 2935 482 2999 Iu
516 2935 647 3018 Narone,
681 2935 737 2999 ubi
771 2934 942 3000 Musonius
978 2935 1187 3020 philosophus
1218 2955 1292 3000 cum
1327 2936 1430 3000 amico

307 3061 446 3144 quodam
478 3061 637 3126 disserens
668 3061 843 3143 inducitur,
870 3061 1025 3124 sermonis
1050 3061 1138 3124 color
1160 3080 1225 3125 non
1250 3060 1430 3127 Lucianeus

306 3185 443 3269 videtur,
467 3206 531 3270 quo
556 3187 686 3268 accedit,
708 3190 745 3250 ut
763 3206 835 3250 raro
856 3184 1020 3251 [lucianus
1032 3187 1196 3251 historiam
1209 3187 1427 3252 Romanorum

307 3313 454 3396 attigerit.
489 3311 690 3394 Kayserus1)
722 3311 883 3397 dialogum
914 3312 1023 3376 Flavio
1051 3313 1243 3378 Philostrato
1267 3314 1430 3378 vindicare

308 3442 441 3502 conatus
466 3444 524 3502 est.

351 3563 407 3627 IV.
450 3561 666 3628 Demosthenis
703 3561 889 3629 Eacoma'um
919 3566 984 3647 jam
1022 3565 1225 3660 Byzantinus
1261 3566 1431 3632 scholiasta

306 3693 391 3755 recte
425 3707 475 3754 me
506 3689 616 3772 judice
649 3690 683 3753 in
715 3689 850 3754 dubium
884 3692 1023 3774 vocavit,
1057 3693 1134 3775 quia
1164 3690 1339 3756 aLuciani
1362 3697 1430 3758 arte

306 3814 458 3880 narrandi
477 3834 608 3898 prorsus
629 3815 783 3881 abhorret.
804 3809 896 3899 (οὗτος
916 3815 929 3879 ὁ
950 3816 1038 3894 λόγος
1057 3815 1193 3890 ἕνδεῑπῆς
1205 3821 1256 3881 σοῦ
1268 3823 1430 3884 Λουκιανοῦ

307 3937 385 4014 ἰδέας
408 3938 461 4004 καὶ
485 3940 667 4028 ἀγχινοίας).

351 4070 391 4134 V.
424 4067 645 4136 Charidemum
674 4075 842 4155 tamquam
870 4071 1026 4156 puerilem
1059 4071 1329 4136 declamationem
1354 4071 1429 4137 Gas-

341 4353 369 4421 1)
387 4355 439 4408 Cir.
456 4356 560 4423 Kayser.
577 4355 659 4408 Praei.
676 4357 708 4408 ad
726 4355 795 4409 l'lar.
813 4357 879 4408 Phil.
897 4372 922 4422 p.
938 4354 981 4409 33.
