3310 5242
838 593 880 658 64

305 805 435 889 Micyllo
459 804 586 868 domino
610 803 818 887 commendat,
842 805 877 868 in
898 801 1046 886 Tyranno
1071 803 1228 887 (tyniscus
1251 804 1424 889 praedicat,

304 932 339 996 in
371 929 511 995 cronicis
542 927 700 994 Saturnus
731 928 832 1012 docet,
861 931 896 992 in
919 929 1055 1013 Navigio
1078 933 1147 1014 ipse
1168 929 1312 996 Lucinus
1334 932 1424 997 etin

305 1055 449 1121 charone
471 1053 651 1120 Mercurius
678 1055 812 1139 eiusque
836 1057 958 1121 amicus
982 1055 1107 1121 Charon
1131 1056 1328 1142 profitentur.
1351 1056 1424 1139 Vel,

306 1185 342 1248 ut
375 1180 524 1264 apertius,
557 1179 635 1264 quid
665 1180 771 1263 velim,
802 1180 914 1264 dicam,
944 1179 1130 1246 Platonicus
1150 1185 1271 1246 ¹noster
1299 1200 1424 1246 morum

307 1306 463 1390 cynicum
485 1308 558 1390 agit.

351 1433 432 1498 (lum
455 1434 540 1498 enim
564 1433 603 1497 de
628 1431 780 1516 libertate,
804 1453 899 1516 quam
923 1433 1123 1518 philosophia
1134 1432 1262 1518 praebet
1275 1436 1307 1515 (4
1319 1437 1350 1500 et
1361 1434 1426 1517 20),

307 1565 337 1626 et
369 1560 407 1624 de
437 1560 620 1623 mortalium
644 1557 799 1640 Φιληδονίᾳ
821 1564 852 1624 ct
875 1557 1071 1640 Φιλοπλουτίᾳ
1096 1564 1128 1624 ct
1149 1555 1303 1642 φιλοδοξίᾳ
1324 1558 1425 1641 Cyni·

307 1706 415 1752 corum
440 1705 528 1751 more
550 1685 678 1750 locutus
702 1690 794 1768 esset,
816 1687 851 1749 in
875 1686 917 1748 25
940 1685 1146 1771 philosophos
1172 1687 1267 1769 gulae
1286 1690 1425 1769 accusat,

308 1813 392 1877 sicut
421 1810 585 1876 Lucianus
615 1813 648 1875 in
672 1810 873 1876 Hermotimo
896 1813 1027 1894 (9-13)
1051 1817 1083 1877 et
1104 1816 1171 1877 toto
1195 1810 1351 1877 Convirio
1375 1832 1426 1877 sa·

308 1939 431 2023 pientes
457 1938 581 2021 carpsit
604 1935 743 2001 Nimiam
764 1937 904 2020 corporis
925 1937 1193 2020 exercitationem,
1213 1958 1309 2021 quam
1328 1936 1426 2002 Luci·

308 2083 390 2128 anus
423 2063 496 2126 dial.
532 2066 622 2125 mort.
659 2059 699 2124 1'0
737 2067 768 2126 et
802 2067 867 2126 toto
901 2062 1129 2128 Anacharsidis
1159 2062 1240 2128 libro
1264 2062 1425 2146 deriserat,

308 2189 403 2252 etiam
437 2186 593 2270 Nigrinus
618 2187 742 2250 minimi
766 2186 842 2251 facit
868 2186 945 2271 (28).
968 2185 1107 2271 Lunum,
1130 2207 1225 2272 quem
1249 2190 1284 2252 in
1305 2187 1426 2252 funeri-

308 2313 371 2379 bus
402 2318 434 2378 et
466 2313 622 2398 sepulcris
653 2313 799 2378 homines
830 2312 1039 2398 ostentabant,
1061 2315 1247 2399 perstringit
1267 2313 1424 2398 Nigrinus

308 2443 383 2526 (30),
407 2462 546 2527 quocum
572 2440 754 2506 conferendi
779 2446 855 2506 sunt
875 2440 947 2505 dial.
972 2445 1061 2506 mort.
1085 2442 1124 2505 10
1145 2446 1177 2506 et
1190 2442 1240 2525 13,
1252 2440 1424 2526 Menippus

310 2569 361 2653 17,
390 2567 558 2634 Demonax
588 2568 628 2630 66
662 2572 693 2633 et
722 2567 848 2633 libellus
883 2568 941 2650 „de
968 2566 1089 2632 luotu'’.
1111 2566 1268 2632 Homines
1300 2587 1425 2651 semper

308 2690 415 2774 drapo
448 2696 612 2779 cupientes
648 2692 860 2779 oanrgantur
892 2693 967 2777 (31),
991 2693 1077 2778 quod
1099 2694 1184 2758 idem
1207 2695 1325 2758 crimen
1351 2693 1424 2758 dial.

309 2825 403 2886 mort.
428 2820 469 2883 26
494 2825 769 2885 commemoratur.

353 2945 505 3030 Undique
535 2964 610 3034 ergo
642 2950 771 3030 apparet
792 2945 953 3030 pleraque,
977 2963 1059 3029 quae
1080 2943 1237 3028 Nigrinus
1259 2949 1424 3029 tamquam

310 3069 406 3138 suam
426 3071 602 3135 doctrinam
627 3069 753 3155 profert,
776 3070 971 3153 Cynicorum
993 3089 1063 3135 esse
1082 3074 1257 3155 praecepta,
1270 3070 1427 3154 quaedam

311 3201 406 3265 etiam
436 3199 470 3262 in
503 3197 636 3282 dialogis
659 3195 829 3262 Lucieneis
854 3198 925 3282 legi,
949 3196 1005 3261 ubi
1028 3198 1214 3281 scriptorem
1238 3195 1428 3281 Menippum

313 3325 469 3407 Cynicum
504 3343 574 3389 csse
605 3328 749 3389 secutum
772 3328 882 3408 postea
905 3322 1094 3406 ridebimus,
1116 3324 1161 3386 ita
1184 3328 1221 3387 ut
1244 3324 1348 3388 omnis
1371 3341 1428 3388 ex·

312 3451 449 3536 plicatio,
484 3469 566 3534 quae
601 3452 731 3515 satiram
765 3451 800 3514 in
835 3449 1007 3535 Nigrinum
1042 3450 1191 3534 scriptam
1221 3468 1291 3514 esse
1313 3454 1428 3533 sumet,

312 3573 491 3661 respuenda
514 3574 669 3640 rideatur.

355 3700 443 3766 Haec
466 3699 573 3784 habui,
599 3719 681 3785 quae
703 3706 812 3766 contra
837 3703 980 3766 virorum
1004 3701 1171 3766 doctorum
1184 3702 1357 3786 opiniones,
1370 3702 1427 3786 qui

313 3833 368 3895 aut
398 3847 509 3894 rerum
541 3828 639 3892 animi
667 3828 825 3912 affectum,
855 3832 910 3892 aut
942 3828 1095 3912 originem
1119 3828 1428 3912 pseudolucianeam,

313 3961 369 4022 aut
399 3955 555 4020 occultam
585 3955 637 4020 vel
667 3960 806 4040 apertam
839 3956 969 4020 satiram
991 3954 1288 4038 interpretabantur,
1309 3955 1428 4040 profer·

313 4098 398 4163 rem,
429 4081 592 4166 reliquum
622 4086 677 4166 eet,
706 4082 844 4166 utquid
867 4083 938 4166 ipse
959 4081 1098 4146 sentiam
1120 4079 1307 4147 brevissime
1330 4101 1427 4167 expo-

314 4224 399 4290 nam,
422 4205 477 4272 sed
499 4211 670 4291 antequam
693 4208 820 4294 incipio,
842 4226 945 4292 pauca
969 4206 1008 4272 de
1030 4206 1160 4272 nomine
1181 4203 1315 4292 Nigrino
1337 4228 1427 4294 prae-

314 4334 468 4404 mittenda
491 4334 649 4400 videntur.
