<?xml version="1.0" encoding="UTF-8"?>
<!DOCTYPE html PUBLIC "-//W3C//DTD XHTML 1.0 Transitional//EN"
    "http://www.w3.org/TR/xhtml1/DTD/xhtml1-transitional.dtd">
<html xmlns="http://www.w3.org/1999/xhtml" xml:lang="en" lang="en">
 <head>
  <title>
</title>
<meta http-equiv="Content-Type" content="text/html;charset=utf-8" />
  <meta name='ocr-system' content='tesseract 3.04.00' />
  <meta name='ocr-capabilities' content='ocr_page ocr_carea ocr_par ocr_line ocrx_word'/>
</head>
<body>
  <div class='ocr_page' id='page_1' title='image "./studialucianea00boldgoog_0168.png"; bbox 0 0 3328 5234; ppageno 0'>
   <div class='ocr_carea' id='block_1_1' title="bbox 765 858 959 924">
    <p class='ocr_par' dir='ltr' id='par_1_1' title="bbox 765 858 959 924">
     <span class='ocr_line' id='line_1_1' title="bbox 765 858 959 924; baseline -0.005 -21"><span class='ocrx_word' id='word_1_1' title='bbox 765 858 842 924; x_wconf 81' lang='lat' dir='ltr'>XX.</span> <span class='ocrx_word' id='word_1_2' title='bbox 957 897 959 902; x_wconf 94' lang='lat'><em>.</em></span> 
     </span>
    </p>
   </div>
   <div class='ocr_carea' id='block_1_2' title="bbox 290 1023 1144 1218">
    <p class='ocr_par' dir='ltr' id='par_1_2' title="bbox 290 1023 1144 1218">
     <span class='ocr_line' id='line_1_2' title="bbox 290 1023 634 1089; baseline -0.012 0"><span class='ocrx_word' id='word_1_3' title='bbox 290 1023 403 1089; x_wconf 73' lang='lat' dir='ltr'>Gabull.</span> <span class='ocrx_word' id='word_1_4' title='bbox 427 1024 479 1089; x_wconf 82' lang='grc'>42.</span> <span class='ocrx_word' id='word_1_5' title='bbox 504 1023 634 1087; x_wconf 84' lang='grc'><strong>13-15</strong></span> 
     </span>
     <span class='ocr_line' id='line_1_3' title="bbox 470 1119 1144 1218; baseline -0.012 -16"><span class='ocrx_word' id='word_1_6' title='bbox 470 1157 536 1202; x_wconf 89' lang='lat' dir='ltr'>non</span> <span class='ocrx_word' id='word_1_7' title='bbox 566 1138 646 1202; x_wconf 86' lang='lat' dir='ltr'>assis</span> <span class='ocrx_word' id='word_1_8' title='bbox 675 1135 778 1200; x_wconf 84' lang='lat' dir='ltr'>facis?</span> <span class='ocrx_word' id='word_1_9' title='bbox 811 1154 828 1199; x_wconf 94' lang='grc' dir='ltr'>ο</span> <span class='ocrx_word' id='word_1_10' title='bbox 860 1134 974 1218; x_wconf 89' lang='lat' dir='ltr'>lutum,</span> <span class='ocrx_word' id='word_1_11' title='bbox 997 1119 1144 1218; x_wconf 82' lang='lat' dir='ltr'>lupanar,</span> 
     </span>
    </p>
   </div>
   <div class='ocr_carea' id='block_1_3' title="bbox 296 1259 1367 1470">
    <p class='ocr_par' dir='ltr' id='par_1_3' title="bbox 296 1259 1367 1470">
     <span class='ocr_line' id='line_1_4' title="bbox 472 1259 1094 1349; baseline -0.01 -21"><span class='ocrx_word' id='word_1_12' title='bbox 472 1268 528 1329; x_wconf 86' lang='lat' dir='ltr'>aut</span> <span class='ocrx_word' id='word_1_13' title='bbox 550 1265 577 1328; x_wconf 93' lang='lat' dir='ltr'>si</span> <span class='ocrx_word' id='word_1_14' title='bbox 599 1263 754 1349; x_wconf 79' lang='lat' dir='ltr'><strong>perditius</strong></span> <span class='ocrx_word' id='word_1_15' title='bbox 777 1265 881 1347; x_wconf 90' lang='lat' dir='ltr'>potest</span> <span class='ocrx_word' id='word_1_16' title='bbox 904 1260 983 1344; x_wconf 90' lang='lat' dir='ltr'>quid</span> <span class='ocrx_word' id='word_1_17' title='bbox 1006 1259 1094 1324; x_wconf 86' lang='lat' dir='ltr'>esse!</span> 
     </span>
     <span class='ocr_line' id='line_1_5' title="bbox 296 1383 1367 1470; baseline -0.009 -14"><span class='ocrx_word' id='word_1_18' title='bbox 296 1391 471 1456; x_wconf 90' lang='lat' dir='ltr'>Paululum</span> <span class='ocrx_word' id='word_1_19' title='bbox 495 1394 599 1455; x_wconf 91' lang='lat' dir='ltr'>mutes</span> <span class='ocrx_word' id='word_1_20' title='bbox 622 1391 673 1453; x_wconf 90' lang='lat' dir='ltr'>in:</span> <span class='ocrx_word' id='word_1_21' title='bbox 697 1408 763 1452; x_wconf 91' lang='lat' dir='ltr'>non</span> <span class='ocrx_word' id='word_1_22' title='bbox 786 1389 867 1452; x_wconf 89' lang='lat' dir='ltr'>assis</span> <span class='ocrx_word' id='word_1_23' title='bbox 889 1385 971 1450; x_wconf 85' lang='lat' dir='ltr'>facit.</span> <span class='ocrx_word' id='word_1_24' title='bbox 997 1405 1015 1450; x_wconf 94' lang='lat' dir='ltr'>o</span> <span class='ocrx_word' id='word_1_25' title='bbox 1037 1385 1154 1468; x_wconf 91' lang='lat' dir='ltr'>lutum,</span> <span class='ocrx_word' id='word_1_26' title='bbox 1177 1403 1204 1470; x_wconf 32' lang='lat' dir='ltr'>o·</span> <span class='ocrx_word' id='word_1_27' title='bbox 1222 1383 1367 1469; x_wconf 73' lang='lat' dir='ltr'>lupanar,</span> 
     </span>
    </p>
   </div>
   <div class='ocr_carea' id='block_1_4' title="bbox 766 1574 859 1640">
    <p class='ocr_par' dir='ltr' id='par_1_4' title="bbox 766 1574 859 1640">
     <span class='ocr_line' id='line_1_6' title="bbox 766 1574 859 1640; baseline -0.011 0"><span class='ocrx_word' id='word_1_28' title='bbox 766 1574 859 1640; x_wconf 88' lang='lat' dir='ltr'>XXI.</span> 
     </span>
    </p>
   </div>
   <div class='ocr_carea' id='block_1_5' title="bbox 289 1710 1287 2323">
    <p class='ocr_par' dir='ltr' id='par_1_5' title="bbox 289 1710 1287 2070">
     <span class='ocr_line' id='line_1_7' title="bbox 289 1710 1236 1818; baseline -0.007 -14"><span class='ocrx_word' id='word_1_29' title='bbox 289 1739 403 1804; x_wconf 76' lang='lat' dir='ltr'>Catull.</span> <span class='ocrx_word' id='word_1_30' title='bbox 428 1738 479 1802; x_wconf 86' lang='lat'>55.</span> <span class='ocrx_word' id='word_1_31' title='bbox 505 1737 643 1800; x_wconf 83' lang='lat'>15—18.</span> <span class='ocrx_word' id='word_1_32' title='bbox 667 1734 728 1800; x_wconf 91' lang='lat' dir='ltr'>Dic</span> <span class='ocrx_word' id='word_1_33' title='bbox 751 1735 844 1800; x_wconf 91' lang='lat' dir='ltr'>nobis</span> <span class='ocrx_word' id='word_1_34' title='bbox 869 1735 924 1800; x_wconf 90' lang='lat' dir='ltr'>ubi</span> <span class='ocrx_word' id='word_1_35' title='bbox 944 1710 993 1800; x_wconf 88' lang='lat' dir='ltr'>sis</span> <span class='ocrx_word' id='word_1_36' title='bbox 1015 1733 1155 1818; x_wconf 88' lang='lat' dir='ltr'>futurus,</span> <span class='ocrx_word' id='word_1_37' title='bbox 1179 1733 1236 1798; x_wconf 93' lang='lat' dir='ltr'>ede</span> 
     </span>
     <span class='ocr_line' id='line_1_8' title="bbox 671 1860 1284 1946; baseline -0.008 -19"><span class='ocrx_word' id='word_1_38' title='bbox 671 1862 830 1946; x_wconf 79' lang='lat' dir='ltr'>audacter,</span> <span class='ocrx_word' id='word_1_39' title='bbox 868 1863 1038 1944; x_wconf 78' lang='lat' dir='ltr'>committe,</span> <span class='ocrx_word' id='word_1_40' title='bbox 1073 1860 1166 1926; x_wconf 88' lang='lat' dir='ltr'>crede</span> <span class='ocrx_word' id='word_1_41' title='bbox 1198 1861 1284 1924; x_wconf 89' lang='lat' dir='ltr'>luci!</span> 
     </span>
     <span class='ocr_line' id='line_1_9' title="bbox 666 1985 1287 2070; baseline -0.008 -17"><span class='ocrx_word' id='word_1_42' title='bbox 666 1988 753 2053; x_wconf 88' lang='lat' dir='ltr'>Num</span> <span class='ocrx_word' id='word_1_43' title='bbox 777 1993 808 2054; x_wconf 89' lang='lat' dir='ltr'>te</span> <span class='ocrx_word' id='word_1_44' title='bbox 831 1987 982 2052; x_wconf 81' lang='lat' dir='ltr'>lacteolae</span> <span class='ocrx_word' id='word_1_45' title='bbox 1006 1990 1116 2051; x_wconf 91' lang='lat' dir='ltr'>tenent</span> <span class='ocrx_word' id='word_1_46' title='bbox 1138 1985 1287 2070; x_wconf 84' lang='lat' dir='ltr'>puellae?</span> 
     </span>
    </p>

    <p class='ocr_par' dir='ltr' id='par_1_6' title="bbox 289 2111 1257 2323">
     <span class='ocr_line' id='line_1_10' title="bbox 289 2111 1257 2200; baseline -0.003 -21"><span class='ocrx_word' id='word_1_47' title='bbox 289 2115 409 2200; x_wconf 84' lang='lat' dir='ltr'>Legere</span> <span class='ocrx_word' id='word_1_48' title='bbox 431 2115 545 2180; x_wconf 85' lang='lat' dir='ltr'>velim:</span> <span class='ocrx_word' id='word_1_49' title='bbox 665 2112 726 2177; x_wconf 90' lang='lat' dir='ltr'>Dio</span> <span class='ocrx_word' id='word_1_50' title='bbox 754 2114 848 2178; x_wconf 90' lang='lat' dir='ltr'>nobis</span> <span class='ocrx_word' id='word_1_51' title='bbox 871 2113 929 2178; x_wconf 90' lang='lat' dir='ltr'>ubi</span> <span class='ocrx_word' id='word_1_52' title='bbox 952 2114 1005 2196; x_wconf 91' lang='lat' dir='ltr'>sis,</span> <span class='ocrx_word' id='word_1_53' title='bbox 1031 2131 1165 2178; x_wconf 91' lang='lat' dir='ltr'>securus</span> <span class='ocrx_word' id='word_1_54' title='bbox 1190 2111 1257 2194; x_wconf 87' lang='lat' dir='ltr'>ede,</span> 
     </span>
     <span class='ocr_line' id='line_1_11' title="bbox 666 2239 1235 2323; baseline -0.007 -17"><span class='ocrx_word' id='word_1_55' title='bbox 666 2241 816 2306; x_wconf 83' lang='lat' dir='ltr'>audacter</span> <span class='ocrx_word' id='word_1_56' title='bbox 838 2243 1010 2323; x_wconf 85' lang='lat' dir='ltr'>committe,</span> <span class='ocrx_word' id='word_1_57' title='bbox 1034 2239 1127 2304; x_wconf 90' lang='lat' dir='ltr'>crede</span> <span class='ocrx_word' id='word_1_58' title='bbox 1149 2239 1235 2303; x_wconf 91' lang='lat' dir='ltr'>luci!</span> 
     </span>
    </p>
   </div>
   <div class='ocr_carea' id='block_1_6' title="bbox 758 2427 869 2492">
    <p class='ocr_par' dir='ltr' id='par_1_7' title="bbox 758 2427 869 2492">
     <span class='ocr_line' id='line_1_12' title="bbox 758 2427 869 2492; baseline -0.009 0"><span class='ocrx_word' id='word_1_59' title='bbox 758 2427 869 2492; x_wconf 86' lang='lat' dir='ltr'>XXH.</span> 
     </span>
    </p>
   </div>
   <div class='ocr_carea' id='block_1_7' title="bbox 253 2601 1368 2931">
    <p class='ocr_par' dir='ltr' id='par_1_8' title="bbox 253 2601 1368 2931">
     <span class='ocr_line' id='line_1_13' title="bbox 293 2601 1368 2690; baseline -0.005 -20"><span class='ocrx_word' id='word_1_60' title='bbox 293 2605 436 2690; x_wconf 85' lang='lat' dir='ltr'>Apoll.</span> <span class='ocrx_word' id='word_1_61' title='bbox 462 2605 502 2669; x_wconf 89' lang='grc'>10</span> <span class='ocrx_word' id='word_1_62' title='bbox 529 2603 600 2690; x_wconf 84' lang='lat' dir='ltr'>(Ed.</span> <span class='ocrx_word' id='word_1_63' title='bbox 622 2603 727 2686; x_wconf 81' lang='lat' dir='ltr'>Eyss.)</span> <span class='ocrx_word' id='word_1_64' title='bbox 752 2602 841 2680; x_wconf 79' lang='lat' dir='ltr'>Quae</span> <span class='ocrx_word' id='word_1_65' title='bbox 860 2623 934 2668; x_wconf 93' lang='lat' dir='ltr'>cum</span> <span class='ocrx_word' id='word_1_66' title='bbox 958 2601 1093 2668; x_wconf 85' lang='lat' dir='ltr'>subinde</span> <span class='ocrx_word' id='word_1_67' title='bbox 1118 2623 1155 2666; x_wconf 88' lang='lat' dir='ltr'>ac</span> <span class='ocrx_word' id='word_1_68' title='bbox 1178 2602 1287 2667; x_wconf 89' lang='lat' dir='ltr'>multis</span> <span class='ocrx_word' id='word_1_69' title='bbox 1311 2621 1368 2666; x_wconf 90' lang='lat' dir='ltr'>no-</span> 
     </span>
     <span class='ocr_line' id='line_1_14' title="bbox 253 2728 975 2814; baseline -0.006 -19"><span class='ocrx_word' id='word_1_70' title='bbox 253 2735 346 2813; x_wconf 90' lang='lat' dir='ltr'>ceret,</span> <span class='ocrx_word' id='word_1_71' title='bbox 368 2730 544 2814; x_wconf 86' lang='lat' dir='ltr'>publicitus</span> <span class='ocrx_word' id='word_1_72' title='bbox 567 2728 744 2813; x_wconf 88' lang='lat' dir='ltr'>indignatio</span> <span class='ocrx_word' id='word_1_73' title='bbox 768 2728 975 2812; x_wconf 88' lang='lat' dir='ltr'>percrebruit.</span> 
     </span>
     <span class='ocr_line' id='line_1_15' title="bbox 296 2853 1366 2931; baseline -0.004 -11"><span class='ocrx_word' id='word_1_74' title='bbox 296 2856 421 2920; x_wconf 88' lang='lat' dir='ltr'>Mutare</span> <span class='ocrx_word' id='word_1_75' title='bbox 452 2855 549 2919; x_wconf 84' lang='lat' dir='ltr'>velim</span> <span class='ocrx_word' id='word_1_76' title='bbox 577 2855 628 2918; x_wconf 92' lang='lat' dir='ltr'>in:</span> <span class='ocrx_word' id='word_1_77' title='bbox 653 2853 741 2931; x_wconf 78' lang='lat' dir='ltr'>Quae</span> <span class='ocrx_word' id='word_1_78' title='bbox 764 2873 838 2919; x_wconf 92' lang='lat' dir='ltr'>cum</span> <span class='ocrx_word' id='word_1_79' title='bbox 861 2853 998 2919; x_wconf 87' lang='lat' dir='ltr'>subinde</span> <span class='ocrx_word' id='word_1_80' title='bbox 1021 2874 1039 2917; x_wconf 90' lang='lat' dir='ltr'>a</span> <span class='ocrx_word' id='word_1_81' title='bbox 1064 2853 1173 2917; x_wconf 90' lang='lat' dir='ltr'>multis</span> <span class='ocrx_word' id='word_1_82' title='bbox 1198 2871 1366 2917; x_wconf 87' lang='lat' dir='ltr'>nosceren-</span> 
     </span>
    </p>
   </div>
   <div class='ocr_carea' id='block_1_8' title="bbox 249 2980 945 3069">
    <p class='ocr_par' dir='ltr' id='par_1_9' title="bbox 249 2980 945 3069">
     <span class='ocr_line' id='line_1_16' title="bbox 249 2980 945 3069; baseline -0.004 -22"><span class='ocrx_word' id='word_1_83' title='bbox 249 2987 312 3067; x_wconf 93' lang='lat' dir='ltr'>tur,</span> <span class='ocrx_word' id='word_1_84' title='bbox 337 2982 512 3069; x_wconf 84' lang='lat' dir='ltr'>publicitus</span> <span class='ocrx_word' id='word_1_85' title='bbox 532 2981 710 3065; x_wconf 83' lang='lat' dir='ltr'>indignatio</span> <span class='ocrx_word' id='word_1_86' title='bbox 734 2980 945 3066; x_wconf 88' lang='lat' dir='ltr'>percrebruit.</span> 
     </span>
    </p>
   </div>
   <div class='ocr_carea' id='block_1_9' title="bbox 743 3169 871 3234">
    <p class='ocr_par' dir='ltr' id='par_1_10' title="bbox 743 3169 871 3234">
     <span class='ocr_line' id='line_1_17' title="bbox 743 3169 871 3234; baseline 0.008 -1"><span class='ocrx_word' id='word_1_87' title='bbox 743 3169 871 3234; x_wconf 88' lang='lat' dir='ltr'>XXIH.</span> 
     </span>
    </p>
   </div>
   <div class='ocr_carea' id='block_1_10' title="bbox 244 3341 1365 3680">
    <p class='ocr_par' dir='ltr' id='par_1_11' title="bbox 244 3341 1365 3680">
     <span class='ocr_line' id='line_1_18' title="bbox 292 3341 1365 3428; baseline 0 -21"><span class='ocrx_word' id='word_1_88' title='bbox 292 3343 391 3428; x_wconf 88' lang='lat' dir='ltr'>Apul.</span> <span class='ocrx_word' id='word_1_89' title='bbox 425 3342 451 3426; x_wconf 91' lang='lat' dir='ltr'>I,</span> <span class='ocrx_word' id='word_1_90' title='bbox 483 3343 535 3409; x_wconf 75' lang='lat'>17.</span> <span class='ocrx_word' id='word_1_91' title='bbox 566 3343 610 3406; x_wconf 90' lang='lat' dir='ltr'>At</span> <span class='ocrx_word' id='word_1_92' title='bbox 640 3362 699 3428; x_wconf 87' lang='lat' dir='ltr'>ego</span> <span class='ocrx_word' id='word_1_93' title='bbox 729 3345 825 3408; x_wconf 90' lang='lat' dir='ltr'>miser</span> <span class='ocrx_word' id='word_1_94' title='bbox 855 3343 969 3408; x_wconf 89' lang='lat' dir='ltr'>adficto</span> <span class='ocrx_word' id='word_1_95' title='bbox 997 3361 1038 3408; x_wconf 86' lang='lat' dir='ltr'>ex</span> <span class='ocrx_word' id='word_1_96' title='bbox 1061 3347 1202 3426; x_wconf 88' lang='lat' dir='ltr'>tempore</span> <span class='ocrx_word' id='word_1_97' title='bbox 1225 3341 1365 3423; x_wconf 81' lang='lat' dir='ltr'>absurdo</span> 
     </span>
     <span class='ocr_line' id='line_1_19' title="bbox 244 3469 1301 3554; baseline -0.003 -20"><span class='ocrx_word' id='word_1_98' title='bbox 244 3471 317 3552; x_wconf 87' lang='lat' dir='ltr'>joco</span> <span class='ocrx_word' id='word_1_99' title='bbox 341 3471 376 3533; x_wconf 91' lang='lat' dir='ltr'>in</span> <span class='ocrx_word' id='word_1_100' title='bbox 399 3469 498 3534; x_wconf 89' lang='lat' dir='ltr'>alium</span> <span class='ocrx_word' id='word_1_101' title='bbox 522 3487 700 3534; x_wconf 89' lang='lat' dir='ltr'>sermonem</span> <span class='ocrx_word' id='word_1_102' title='bbox 723 3471 934 3535; x_wconf 89' lang='lat' dir='ltr'>intentionem</span> <span class='ocrx_word' id='word_1_103' title='bbox 957 3471 1027 3535; x_wconf 89' lang='lat' dir='ltr'>eius</span> <span class='ocrx_word' id='word_1_104' title='bbox 1052 3469 1301 3554; x_wconf 84' lang='lat' dir='ltr'>denuoderivo.</span> 
     </span>
     <span class='ocr_line' id='line_1_20' title="bbox 292 3593 809 3680; baseline 0.004 -22"><span class='ocrx_word' id='word_1_105' title='bbox 292 3593 332 3658; x_wconf 82' lang='lat' dir='ltr'>V.</span> <span class='ocrx_word' id='word_1_106' title='bbox 359 3593 505 3678; x_wconf 80' lang='lat' dir='ltr'>„denuo”</span> <span class='ocrx_word' id='word_1_107' title='bbox 529 3594 699 3659; x_wconf 92' lang='lat' dir='ltr'>delendum</span> <span class='ocrx_word' id='word_1_108' title='bbox 721 3599 809 3680; x_wconf 90' lang='lat' dir='ltr'>puto.</span> 
     </span>
    </p>
   </div>
   <div class='ocr_carea' id='block_1_11' title="bbox 747 3780 873 3846">
    <p class='ocr_par' dir='ltr' id='par_1_12' title="bbox 747 3780 873 3846">
     <span class='ocr_line' id='line_1_21' title="bbox 747 3780 873 3846; baseline -0.016 1"><span class='ocrx_word' id='word_1_109' title='bbox 747 3780 873 3846; x_wconf 88' lang='lat' dir='ltr'>XXIV.</span> 
     </span>
    </p>
   </div>
   <div class='ocr_carea' id='block_1_12' title="bbox 247 3939 1365 4155">
    <p class='ocr_par' dir='ltr' id='par_1_13' title="bbox 247 3939 1365 4155">
     <span class='ocr_line' id='line_1_22' title="bbox 291 3939 1365 4029; baseline 0.005 -25"><span class='ocrx_word' id='word_1_110' title='bbox 291 3941 389 4025; x_wconf 90' lang='lat' dir='ltr'>Apul.</span> <span class='ocrx_word' id='word_1_111' title='bbox 412 3939 455 4025; x_wconf 88' lang='lat' dir='ltr'>H,</span> <span class='ocrx_word' id='word_1_112' title='bbox 479 3942 507 4005; x_wconf 89' lang='lat'>5.</span> <span class='ocrx_word' id='word_1_113' title='bbox 535 3939 625 4006; x_wconf 77' lang='lat' dir='ltr'>Tunc</span> <span class='ocrx_word' id='word_1_114' title='bbox 654 3944 763 4008; x_wconf 91' lang='lat' dir='ltr'>minus</span> <span class='ocrx_word' id='word_1_115' title='bbox 794 3945 968 4029; x_wconf 83' lang='lat' dir='ltr'>morigeros</span> <span class='ocrx_word' id='word_1_116' title='bbox 999 3949 1030 4010; x_wconf 91' lang='lat' dir='ltr'>et</span> <span class='ocrx_word' id='word_1_117' title='bbox 1060 3945 1139 4010; x_wconf 85' lang='lat' dir='ltr'>viles</span> <span class='ocrx_word' id='word_1_118' title='bbox 1171 3944 1297 4010; x_wconf 88' lang='lat' dir='ltr'>fastidio</span> <span class='ocrx_word' id='word_1_119' title='bbox 1328 3945 1365 4009; x_wconf 92' lang='lat' dir='ltr'>in</span> 
     </span>
     <span class='ocr_line' id='line_1_23' title="bbox 247 4067 1242 4155; baseline 0.004 -25"><span class='ocrx_word' id='word_1_120' title='bbox 247 4086 327 4130; x_wconf 85' lang='lat' dir='ltr'>saxa</span> <span class='ocrx_word' id='word_1_121' title='bbox 350 4067 436 4130; x_wconf 90' lang='lat' dir='ltr'>etin</span> <span class='ocrx_word' id='word_1_122' title='bbox 458 4086 560 4153; x_wconf 86' lang='lat' dir='ltr'>pecua</span> <span class='ocrx_word' id='word_1_123' title='bbox 583 4072 615 4133; x_wconf 89' lang='lat' dir='ltr'>et</span> <span class='ocrx_word' id='word_1_124' title='bbox 636 4069 773 4153; x_wconf 83' lang='lat' dir='ltr'>quodvis</span> <span class='ocrx_word' id='word_1_125' title='bbox 797 4070 915 4135; x_wconf 86' lang='lat' dir='ltr'>animal</span> <span class='ocrx_word' id='word_1_126' title='bbox 938 4075 1057 4155; x_wconf 91' lang='lat' dir='ltr'>puncto</span> <span class='ocrx_word' id='word_1_127' title='bbox 1080 4069 1242 4137; x_wconf 78' lang='lat' dir='ltr'>reformat.</span> 
     </span>
    </p>
   </div>
   <div class='ocr_carea' id='block_1_13' title="bbox 249 4190 1366 4382">
    <p class='ocr_par' dir='ltr' id='par_1_14' title="bbox 249 4190 1366 4382">
     <span class='ocr_line' id='line_1_24' title="bbox 290 4190 1366 4263; baseline 0.006 -8"><span class='ocrx_word' id='word_1_128' title='bbox 290 4190 438 4258; x_wconf 80' lang='lat' dir='ltr'>Fortasse</span> <span class='ocrx_word' id='word_1_129' title='bbox 466 4195 512 4258; x_wconf 86' lang='lat' dir='ltr'>ita</span> <span class='ocrx_word' id='word_1_130' title='bbox 534 4194 730 4261; x_wconf 83' lang='lat' dir='ltr'>restituenda</span> <span class='ocrx_word' id='word_1_131' title='bbox 753 4200 846 4262; x_wconf 90' lang='lat' dir='ltr'>sunt:</span> <span class='ocrx_word' id='word_1_132' title='bbox 870 4198 901 4261; x_wconf 90' lang='lat' dir='ltr'>et</span> <span class='ocrx_word' id='word_1_133' title='bbox 923 4197 1055 4263; x_wconf 82' lang='lat' dir='ltr'>serviles</span> <span class='ocrx_word' id='word_1_134' title='bbox 1077 4195 1204 4262; x_wconf 89' lang='lat' dir='ltr'>fastidio</span> <span class='ocrx_word' id='word_1_135' title='bbox 1226 4197 1308 4262; x_wconf 84' lang='lat' dir='ltr'>irata</span> <span class='ocrx_word' id='word_1_136' title='bbox 1329 4198 1366 4261; x_wconf 91' lang='lat' dir='ltr'>in</span> 
     </span>
     <span class='ocr_line' id='line_1_25' title="bbox 249 4322 414 4382; baseline -0.006 0"><span class='ocrx_word' id='word_1_137' title='bbox 249 4337 330 4382; x_wconf 84' lang='lat' dir='ltr'>saxa</span> <span class='ocrx_word' id='word_1_138' title='bbox 356 4322 414 4381; x_wconf 89' lang='lat' dir='ltr'>etc.</span> 
     </span>
    </p>
   </div>
   <div class='ocr_carea' id='block_1_14' title="bbox 0 0 1668 5234">
    <p class='ocr_par' dir='ltr' id='par_1_15' title="bbox 0 0 1668 5234">
     <span class='ocr_line' id='line_1_26' title="bbox 0 0 1668 5234; baseline 0 0"><span class='ocrx_word' id='word_1_139' title='bbox 0 0 1668 5234; x_wconf 95' lang='lat' dir='ltr'> </span> 
     </span>
    </p>
   </div>
  </div>
 </body>
</html>
