3310 5242
770 591 811 653 35

234 805 362 867 minimi
394 803 476 886 facit,
508 808 626 888 postea,
660 823 735 866 oum
771 823 790 866 a
821 801 970 887 Menippo
1002 803 1116 886 placita
1151 806 1338 885 cynicorum

234 934 400 994 mutuatus
434 935 527 1014 esset,
558 929 689 993 robusta
718 948 848 1012 corpora
872 935 979 1008 mente
1002 934 1110 994 tamen
1134 930 1284 996 destituta
1307 932 1346 995 ad

234 1055 356 1118 nullam
380 1073 448 1119 rem
473 1055 621 1139 prodesse
644 1056 768 1118 censuit
780 1057 805 1132 1)
829 1053 894 1136 (cfr.
915 1052 1099 1119 DialMort.
1114 1057 1164 1139 10,
1177 1054 1304 1120 Charon
1317 1057 1348 1139 8,

234 1179 291 1244 ubi
325 1179 425 1243 Milon
459 1179 654 1244 Crotoniates
687 1178 825 1243 ludibrio
856 1179 1010 1259 habetur).
1044 1179 1132 1256 Quae
1163 1181 1277 1245 deinde
1307 1179 1346 1244 ab

234 1306 451 1371 Anacharside
481 1306 520 1370 de
547 1304 776 1390 Spartanorum
801 1305 903 1390 rigida
926 1307 1112 1371 educatione
1135 1308 1199 1390 (38,
1224 1308 1275 1388 39)
1302 1307 1348 1371 di-

235 1437 362 1518 cuntur,
393 1435 513 1517 optime
536 1452 609 1496 oum
632 1431 758 1496 urbana
781 1430 914 1497 [luciani
937 1439 1051 1499 natura
1075 1436 1278 1518 conveniunt,
1304 1435 1348 1497 ita

235 1563 271 1622 ut
294 1560 351 1621 rix
371 1579 389 1622 a
413 1577 486 1622 voro
507 1557 660 1639 aberrem,
680 1578 754 1622 curu
768 1559 1016 1624 Anacharsidem
1031 1561 1173 1643 primum
1187 1560 1348 1643 scriptoris

236 1703 316 1768 opus
337 1703 405 1749 esse
417 1687 532 1767 statuo,
543 1685 597 1747 cui
609 1685 769 1748 satirioam
783 1689 931 1749 naturam
940 1687 1013 1768 jure
1025 1685 1164 1750 tribucre
1176 1687 1348 1770 possimus.

279 1809 380 1875 Multo
415 1816 523 1875 tamen
559 1811 689 1873 maioris
724 1813 880 1875 momenti
911 1817 958 1876 est
988 1815 1210 1895 controversia,
1234 1817 1344 1876 utrum

236 1933 398 2000 Lucienus
431 1937 466 1999 in
504 1935 655 2000 Tooeorr'dr
685 1937 845 2000 comicum
870 1936 1055 2020 exemplum
1081 1942 1210 2001 secutus
1235 1938 1284 2019 sit,
1307 1956 1348 2000 an

236 2061 405 2146 populares
426 2059 559 2144 fabulas,
582 2063 720 2144 quaein
744 2063 892 2126 omniurn
917 2081 970 2126 ore
993 2062 1282 2144 circumferrentur,
1305 2061 1346 2125 ad

238 2189 408 2253 rhetoricas
438 2189 638 2252 recitationes
667 2191 877 2272 exornaverit,
901 2210 964 2273 qua
988 2190 1028 2253 de
1053 2189 1248 2272 quaestione,
1270 2207 1344 2252 cum

240 2316 407 2396 tamquam
441 2313 581 2377 volitatio
613 2318 686 2377 ante
716 2316 801 2378 tertii
830 2315 942 2398 capitis
964 2334 1106 2398 pugnam
1131 2313 1275 2377 habenda
1298 2314 1347 2395 sit,

241 2439 395 2524 singulari
418 2438 643 2522 disceptabitur
666 2440 869 2524 paragrapho.

284 2566 468 2650 Antequam
504 2584 578 2628 vero
613 2565 652 2628 ad
684 2565 766 2628 hauc
800 2565 1046 2648 disputationem
1071 2567 1205 2646 transeo,
1230 2564 1344 2627 seriem

239 2690 418 2756 fabularum
442 2692 476 2754 in
499 2690 684 2770 Toxaride2)
709 2711 727 2754 a
747 2689 865 2754 Graeco
878 2688 1068 2770 etaScytha
1080 2695 1280 2753 narratarum
1293 2689 1344 2752 hic

241 2816 441 2901 subjungam,
475 2821 511 2882 ut
544 2817 684 2882 indolem
718 2816 916 2900 fabellarum,
947 2836 1027 2900 quas
1049 2817 1190 2880 rhetores
1218 2821 1351 2880 tractare

242 2943 401 3025 amabant,
424 2944 636 3028 cognoscatis:

244 3070 373 3132 12-19
395 3068 509 3133 fabella
534 3071 651 3133 erotica
672 3068 711 3131 de
733 3068 917 3152 Agathocle,
940 3069 995 3152 qui
1018 3069 1119 3132 amico
1152 3066 1266 3133 Diniae
1288 3067 1350 3132 fal-

396 3195 497 3259 lacem
522 3193 676 3259 feminam
702 3195 817 3258 misere
841 3189 971 3278 amanti,
993 3195 1127 3260 fidehter
1150 3195 1246 3260 adest.

244 3321 373 3383 19-22
395 3318 510 3384 fabella
532 3320 571 3383 de
594 3320 706 3402 amico,
731 3319 787 3403 qui
810 3320 950 3384 sodalem
976 3338 993 3383 e
1016 3319 1181 3405 naufragio
1207 3323 1319 3384 servat.

245 3447 376 3509 22-24
398 3444 512 3510 labella
540 3445 579 3509 de
601 3444 790 3528 Eudamida,
815 3447 871 3528 qui
894 3450 1029 3509 matrem
1055 3465 1146 3509 suam
1172 3447 1229 3508 uni
1252 3445 1355 3508 amico

400 3571 555 3654 alendam,
581 3571 671 3636 alteri
689 3570 788 3635 fiham
813 3571 1030 3635 collocandam
1053 3576 1243 3636 testamento
1266 3589 1353 3634 com-
1449 3660 1451 3666 Ι

401 3700 540 3765 mendat.

280 3988 309 4056 1)
334 3988 453 4054 Galenus
477 3985 582 4040 Luciaui
606 3987 728 4054 aequalis,
752 3983 852 4051 scripsit
876 3985 920 4044 (ad
946 3983 1070 4052 Thrasyll.
1098 3981 1159 4051 lh:
1186 3983 1300 4034 σκαπσειν
1317 3983 1361 4034 καὶ

249 4081 341 4146 θερίζειν
367 4080 464 4130 ἅπαντα
489 4098 517 4130 τε
541 4079 625 4130 τᾶλλα
643 4077 795 4142 κατὰφύσιν
813 4075 954 4143 ἐργάζεσθαι
972 4081 1075 4140 κρεῖττον
1093 4077 1107 4134 ’ὴ
1125 4079 1190 4127 κατὰ
1207 4077 1357 4139 παλαίστραν

249 4171 420 4237 γυμνάζεσθαι.

282 4264 311 4331 2)
345 4265 367 4316 J.
392 4265 532 4332 Guttentag
557 4267 604 4328 (De
628 4265 730 4316 subdito
756 4262 853 4327 dialogo
881 4260 1014 4326 Toxaride)
1039 4262 1110 4312 hunc
1134 4262 1230 4312 librum
1255 4266 1359 4327 propter

248 4357 439 4434 compositionis
454 4359 515 4408 vitia
532 4363 628 4409 temere
646 4373 662 4408 a
678 4356 789 4407 Lucieno
810 4353 972 4418 abjudicavit.
