3310 5242
860 596 901 658 52

318 806 508 872 criminibus
530 763 701 872 ‘lucianus
732 824 766 871 se
788 810 1084 890 purgareoonatur
1108 806 1275 889 (aa-38),
1299 825 1376 870 cum
1401 824 1437 870 se

319 951 501 1014 numquam
538 936 659 998 veteres
696 933 831 997 elusisse
862 934 1029 1016 sapientes,
1061 932 1117 996 sed
1147 950 1259 996 eorum
1292 933 1436 995 amicum

319 1075 444 1142 semper
471 1056 571 1122 fuisse
594 1057 739 1124 affirmat.
765 1057 966 1142 Quantopere
988 1063 1096 1123 tamen
1121 1058 1271 1143 aequales
1297 1057 1437 1142 philoso-

318 1185 424 1267 phiam
455 1184 597 1268 professi,
629 1187 716 1249 omni
748 1187 880 1250 scientia
911 1189 1018 1250 essent
1045 1184 1197 1268 destituti,
1226 1187 1330 1249 itaut
1354 1201 1437 1267 quae

320 1314 457 1395 agerent,
479 1316 544 1376 toto
568 1311 654 1376 coelo
679 1311 831 1376 distarent
855 1331 882 1394 a,
905 1330 987 1396 quae
1010 1312 1239 1395 praedicarent,
1260 1312 1437 1396 principiis,

321 1454 356 1500 se
395 1455 520 1520 semper
556 1437 733 1503 ostendisse
767 1437 937 1501 contendit.
973 1435 1061 1513 Quae
1095 1437 1200 1520 verba,
1235 1439 1295 1502 etsi
1328 1441 1437 1520 aperta

320 1563 485 1627 mendacia
519 1564 661 1649 putanda
691 1583 760 1628 csse
791 1564 897 1628 statim
921 1555 1095 1647 ostendam,
1119 1568 1224 1628 tamen
1248 1561 1437 1647 Lucianum,

320 1707 384 1771 quo
418 1693 558 1774 tempore
587 1690 779 1755 Piscatorem
809 1691 946 1773 scripsit,
977 1689 1198 1755 admiratorem
1229 1691 1436 1773 antiquorum

317 1814 577 1900 philosophorum
599 1815 700 1880 fuisse
722 1815 868 1900 probant.
892 1813 1015 1880 Deinde
1037 1816 1232 1900 indignatae,
1256 1815 1342 1900 qnod
1366 1820 1436 1880 stu-

319 1940 407 2005 dium
438 1943 653 2027 philosophiae
676 1947 804 2027 propter
827 1942 1017 2026 flagitiosam
1042 1942 1271 2026 discipulorum
1295 1944 1392 2006 vitam
1417 1962 1437 2006 a

318 2067 529 2149 prudentibus
562 2057 753 2133 hominibus
780 2073 1044 2151 contemneretur,
1074 2070 1218 2132 omnium
1251 2069 1433 2152 aequalium

318 2195 539 2259 simulatorum
577 2197 655 2259 vitia
689 2215 723 2260 sc
758 2197 975 2261 indicaturum
1011 2201 1041 2261 et
1075 2197 1280 2280 antiquorum
1314 2195 1432 2260 famam

319 2320 523 2386 defensurum
547 2340 617 2386 esse
640 2323 796 2405 promittit
819 2321 911 2404 (Piso.
938 2323 978 2385 37
1003 2321 1057 2385 cfr.
1082 2322 1123 2384 20
1148 2325 1179 2385 ct
1203 2322 1265 2401 52).

360 2447 474 2533 Neque
503 2448 620 2514 absunt
646 2450 836 2531 testimonia,
856 2467 938 2531 quae
959 2467 1033 2512 eum
1054 2449 1209 2530 promisso
1229 2445 1324 2510 fidem
1344 2463 1434 2529 prae-

317 2574 435 2640 stitisse
465 2575 653 2639 ostendunt:
678 2575 790 2639 ultima
812 2573 928 2658 dialogi
952 2593 1025 2657 pars
1049 2573 1210 2654 (so—52),
1233 2572 1286 2637 ille
1313 2571 1434 2655 „philo-

317 2700 488 2784 sophorum
511 2699 682 2784 piscatus'',
704 2702 738 2764 iu
761 2719 877 2784 pravos
899 2699 1048 2782 aequales
1071 2699 1244 2782 composita
1266 2702 1323 2780 eet,
1341 2697 1433 2762 libris

314 2822 471 2909 Fugitivis
494 2830 525 2890 et
551 2826 610 2908 „de
629 2830 730 2890 morte
742 2823 925 2909 Peregrini'
939 2823 1075 2906 Cynicos
1088 2843 1221 2889 cooevos
1234 2823 1431 2908 perstrinxit,

313 2951 349 3013 in
379 2949 532 3015 convivio
563 2955 594 3015 et
623 2950 864 3035 Philopseudesi
895 2952 1129 3033 cuiuscumque
1153 2954 1256 3015 sectae
1279 2950 1429 3032 aequales

315 3076 468 3162 voluptati
499 3081 536 3142 et'
560 3077 739 3143 credulitati
771 3077 929 3143 obnoxios
962 3078 1137 3162 castigavit.
1164 3079 1272 3162 Atque
1297 3078 1428 3142 hilarem

182 3199 185 3205 ’
315 3203 558 3288 descriptionem
591 3204 629 3268 de
656 3204 762 3268 insula
785 3203 962 3274 beatorum¹
977 3205 1004 3268 si
1029 3204 1216 3287 excipimus,
1240 3203 1324 3285 (Ver.
1348 3201 1433 3270 Hist.

313 3327 355 3412 ΙΙ,
392 3329 543 3412 17-22),
577 3330 616 3394 de
651 3331 791 3413 antiquis
821 3329 1018 3413 philosophis
1049 3349 1227 3412 numquam
1256 3334 1366 3414 postea
1396 3330 1432 3392 in

314 3454 430 3518 malam
463 3459 583 3539 partem
618 3455 746 3520 locutus
780 3460 836 3537 est,
873 3456 926 3520 rel
959 3456 1037 3520 adeo
1068 3457 1102 3520 in
1132 3455 1317 3520 Alexandro
1349 3458 1432 3540 (post

314 3599 435 3644 annum
460 3581 522 3645 180
543 3581 638 3664 edito)
658 3580 798 3666 Epicuri,
817 3580 1002 3666 Democriti,
1020 3582 1229 3666 Pythagorae,
1247 3583 1282 3646 in
1305 3581 1431 3667 ,Lapsu

312 3707 347 3768 in
379 3704 566 3772 salutando”
598 3709 640 3789 (4)
668 3707 811 3773 Platonis
834 3728 908 3773 cum
931 3710 1108 3786 reverentia
1132 3710 1324 3775 mentionem
1346 3708 1430 3776 fecit.

356 3829 532 3898 Lucienum
556 3833 655 3918 igitur
677 3834 710 3897 in
735 3833 896 3898 Piscatore
919 3835 1006 3898 etin
1032 3833 1191 3918 oporibus,
1215 3854 1297 3919 quae
1319 3839 1429 3920 postea

313 3960 389 4022 sunt
408 3958 500 4042 edita,
520 3959 668 4043 antiquos
686 3959 890 4044 philosophos
911 3961 1016 4044 magui
1037 3961 1262 4046 aestimavisse,
1281 3962 1429 4046 aequales

313 4087 517 4166 aspernatum
540 4102 610 4149 esse
633 4089 766 4150 constat.

355 4205 451 4274 Nune
484 4212 659 4295 rideamus,
692 4213 771 4297 quid
804 4211 966 4279 Lucianus
1003 4215 1042 4279 de
1076 4215 1271 4302 philosophis
1306 4221 1341 4284 in
1364 4218 1428 4286 Bia

306 4331 467 4426 ,Accusata
498 4339 649 4403 senserit!
680 4338 718 4403 In
751 4359 815 4423 quo
847 4339 973 4425 dialogo
1004 4341 1043 4406 de
1066 4343 1227 4410 veteribus
1249 4346 1331 4411 nihil
1353 4346 1428 4412 boni
