3328 5234
844 601 906 663 126

311 809 377 881 olor
400 810 510 890 μεστῷ,
531 830 626 893 quem
647 829 664 875 e
684 810 904 895 superioribus
925 811 1050 894 scriptis
1062 812 1281 895 cognovimus,
1293 816 1439 877 mutatus

312 943 403 1020 esset,
437 939 553 1021 optime
577 956 594 1000 e
617 937 724 1001 libello
741 957 803 1020 pro
826 937 917 1016 tapso
940 937 975 1001 ia
997 936 1166 1034 salutando
1190 938 1299 1001 videre
1322 957 1438 1020 possu-

311 1083 394 1129 mus.
429 1062 512 1126 Nam
548 1081 622 1124 cum
656 1062 829 1146 aliquando
864 1082 958 1126 mane
989 1062 1153 1126 inferum
1178 1062 1438 1126 Alexandrinum

310 1192 460 1271 venisset,
496 1187 552 1252 ubi
586 1188 625 1252 de
656 1207 753 1252 causa
785 1189 923 1271 quadam
951 1191 1005 1272 jus
1040 1189 1208 1272 diceretur,
1239 1187 1434 1272 Romanum,

311 1317 368 1398 qui
387 1314 510 1397 judicio
533 1318 684 1397 praeerat,
707 1313 846 1377 formula
869 1311 979 1391 ὑγίαινε
1001 1333 1058 1396 pro
1081 1319 1171 1393 χαῖρε
1194 1314 1354 1379 allocutus
1380 1319 1437 1379 est.

312 1438 405 1515 Quod
437 1459 511 1503 cum
535 1440 755 1522 magistratum
780 1457 873 1521 aegre
897 1439 1009 1503 tulisse
1032 1439 1317 1522 animadvertisset,
1341 1458 1378 1503 eo
1404 1459 1439 1504 se

310 1565 424 1647 abjecit
455 1564 653 1646 humilitatis,
684 1567 721 1626 ut
753 1565 845 1647 quasi
875 1565 1104 1647 gravissimum
1127 1564 1253 1628 facinus
1276 1570 1437 1648 perpetra-

312 1692 419 1772 visset,
454 1688 609 1773 peculiari
638 1687 756 1770 libello,
787 1690 821 1751 in
853 1708 918 1770 quo
952 1688 1061 1752 eadem
1095 1689 1255 1753 salutandi
1286 1689 1389 1753 forma
1421 1709 1439 1755 e
1536 1709 1538 1714 ·

311 1818 453 1879 virorum
490 1814 646 1878 nobilium
682 1814 824 1898 epistolis
860 1812 1099 1898 defendebatur,
1132 1815 1259 1898 lapsum
1293 1834 1432 1900 purgare

312 1945 488 2004 conaretur.

356 2066 493 2150 Sperans
517 2070 624 2129 autem
648 2065 716 2128 fore
740 2069 776 2129 ut
798 2065 857 2127 hac
877 2064 1058 2128 adulatione
1071 2067 1205 2149 gratiam
1217 2065 1437 2130 Romanorum

312 2193 373 2258 sibi
397 2193 587 2275 conciliaret,
612 2211 648 2256 eo
668 2193 822 2274 processit
841 2189 986 2273 fiduciae,
1009 2196 1044 2254 ut
1064 2190 1125 2255 sibi
1146 2187 1221 2262 ἔθνος
1242 2190 1437 2270 ἐπιτραπῆναι

310 2316 326 2391 ἦ
359 2341 442 2389 τινας
473 2315 573 2389 ἄλλως
596 2313 714 2396 πράξεις
739 2312 898 2392 βασιλικάς
924 2321 1132 2399 exspectaret.
1156 2315 1218 2380 sod
1243 2316 1332 2381 brevi
1355 2323 1437 2381 tem·

310 2464 387 2531 pore
418 2466 436 2509 a
464 2443 617 2509 Romanis
647 2444 809 2526 dimissus,
834 2444 954 2507 nedum
974 2444 1014 2506 ad
1038 2445 1157 2507 maiora
1185 2463 1319 2508 munera
1342 2464 1436 2509 voca-

310 2579 372 2653 tus,
416 2590 511 2654 quem
550 2571 681 2652 juvenis
725 2569 834 2633 orbem
868 2573 1026 2633 terrarum
1060 2574 1291 2654 peragraverat,
1328 2571 1435 2635 denuo

311 2716 410 2761 senex
441 2715 621 2780 pererrasse
653 2700 685 2759 et
716 2694 756 2758 ad
785 2696 959 2759 rhetoricas
983 2695 1229 2760 declamationes
1252 2701 1316 2759 tam
1342 2715 1439 2780 saepe

312 2843 330 2885 a
372 2840 406 2885 se
448 2826 656 2904 contemptas,
698 2821 814 2884 iterum
851 2820 1053 2885 descendisse
1087 2822 1221 2885 videtur.
1256 2821 1437 2887 Luciannm

310 2946 413 3029 illum,
446 2965 541 3030 quem
572 2946 814 3011 acerbissimum
843 2947 984 3011 tumidae
1007 2947 1169 3012 rhetorum
1194 2951 1343 3013 vanitatis
1367 2969 1439 3033 per-

312 3076 490 3134 secutorem
513 3073 731 3154 cognovimus,
753 3073 860 3154 ipsum
880 3072 1021 3136 insulsas
1041 3077 1071 3136 et
1092 3074 1180 3136 omni
1199 3074 1328 3157 ingenio
1341 3073 1438 3164 desti-

311 3200 396 3260 tutas
428 3195 638 3279 praefationes
670 3196 830 3279 habuisse,
861 3197 972 3280 quales
1002 3204 1078 3262 sunt
1101 3197 1261 3282 Herculeo,
1291 3199 1439 3283 Bacchas,

311 3319 478 3406 Dipsades,
502 3341 602 3406 paene
624 3323 810 3388 incredibile
834 3328 926 3407 esset,
951 3326 1014 3388 nisi
1037 3326 1109 3408 ipsa
1131 3324 1237 3408 verba,
1260 3325 1381 3408 quibus
1395 3326 1436 3390 ob

311 3453 508 3512 senectutem
541 3448 796 3513 benevolentiam
820 3450 1038 3514 multitudinis
1063 3451 1232 3535 mendicat,
1255 3451 1381 3534 (Bacch.
1406 3453 1439 3535 6,

311 3571 405 3636 Herc.
428 3574 457 3655 7,
482 3575 513 3653 8)
536 3578 742 3638 testarentur.

355 3698 530 3782 Postquam
563 3701 663 3784 igitur
684 3699 857 3785 Lucianus,
881 3677 917 3766 ut
940 3707 1036 3767 totam
1063 3705 1132 3768 eius
1155 3705 1253 3768 vitam
1277 3707 1437 3790 complec-

310 3829 368 3908 tar,
399 3824 604 3908 antiquorum
637 3829 821 3911 exemplum
846 3833 976 3892 secutus
1000 3829 1154 3913 paulatim
1178 3829 1217 3893 ad
1241 3849 1317 3894 eum
1341 3851 1436 3915 prae-

311 3951 445 4014 stantiae
479 3951 615 4034 gradum
650 3953 802 4035 ascendit,
837 3959 873 4017 ut
900 3955 973 4036 jure
1005 3973 1039 4018 se
1062 3956 1244 4038 aequalium
1269 3976 1436 4023 censorem

310 4076 476 4140 nominare
509 4082 624 4160 posset,
659 4097 759 4142 senex
793 4080 893 4142 animi
926 4079 1071 4144 libertate
1106 4079 1249 4164 deposita
1284 4083 1435 4148 adulator

308 4199 527 4265 Romanorum
559 4202 672 4287 factus,
694 4210 804 4288 postea
825 4206 954 4289 ingenio
978 4206 1171 4271 hebescente
1194 4207 1234 4271 ad
1257 4209 1433 4275 rhetoricas

312 4331 557 4396 exercitationes
580 4331 727 4417 relapsus
751 4337 807 4397 est.
