3328 5234
797 577 838 638 83

258 788 325 854 Nec
348 789 555 873 epistolarum
581 791 809 872 argumentum
829 792 956 852 nostrae
975 790 1176 872 conjecturae
1191 788 1374 874 refragatur,

259 915 314 979 ubi
336 919 460 998 praeter
479 903 588 998 jocum
610 915 645 977 in
665 917 829 978 vetustum
852 912 1028 977 Saturnum
1052 913 1245 996 Cynicorum
1258 915 1373 999 placita

259 1040 297 1103 de
332 1040 514 1104 mortalium
550 1038 701 1103 inambus
734 1007 848 1102 studiis
879 1039 1037 1123 leguntur.
1069 1038 1192 1105 Diuites
1215 1040 1372 1106 Saturnus

262 1167 422 1250 admonet,
448 1172 485 1232 ut
507 1167 653 1231 liberales
678 1185 752 1249 erga
777 1184 893 1250 egenos
918 1167 982 1230 sint
1006 1171 1037 1230 et
1059 1167 1227 1249 persuadet
1239 1167 1375 1250 divitias,

260 1295 323 1356 nisi
357 1313 432 1358 cum
469 1292 552 1357 hona
586 1293 767 1358 valetudine
797 1297 828 1356 et
859 1312 936 1358 sana
960 1297 1067 1357 mente
1090 1295 1279 1375 conjunctae
1302 1295 1375 1378 sint,

259 1417 380 1483 nullius
403 1421 496 1502 pretii
519 1438 589 1484 csse
611 1417 836 1496 aestimandas.

303 1545 343 1609 Π.
368 1544 569 1630 Quantopere
591 1551 698 1610 autem
725 1544 888 1608 Lucienus
912 1546 994 1607 hano
1019 1542 1214 1625 Cynicorum
1235 1546 1370 1609 ethicam

260 1671 435 1735 doctrinam
460 1674 493 1734 ln
519 1671 652 1755 dialogis
678 1671 799 1734 variare
823 1676 952 1751 amaret,
978 1689 994 1732 e
1017 1668 1167 1749 Menippo
1186 1670 1374 1755 siocNecyo-

259 1797 378 1860 montio
407 1815 535 1862 cernere
566 1797 648 1877 licet,
671 1795 728 1860 ubi
751 1796 856 1859 denuo
880 1797 993 1858 insana
1016 1795 1186 1859 hominum
1209 1797 1249 1860 ad
1272 1797 1374 1880 digni-

260 1927 339 1986 tates
363 1925 524 1988 contentio
548 1922 774 2006 perstringitur
800 1922 953 2003 (12-18)
977 1927 1008 1985 et
1029 1921 1204 1985 inferorum
1230 1922 1375 2005 plebisci-

262 2055 330 2114 tum
352 2050 391 2113 ad
412 2049 598 2133 exemplum
611 2051 791 2113 Atticorum
805 2046 1011 2128 ψηφισμάτων
1023 2050 1236 2133 compositum
1252 2049 1378 2131 divites,

263 2181 299 2241 ut
322 2176 451 2260 benigni
476 2177 548 2259 sint,
572 2176 757 2240 adhortatur
779 2177 851 2257 (20).
872 2175 1216 2261 Etiamphilosophiae
1229 2177 1373 2242 studium

264 2301 304 2364 ad
333 2301 414 2364 nihil
437 2301 515 2364 utile
537 2320 607 2366 esse
630 2307 764 2366 testatur
786 2301 931 2383 Tiresias,
955 2321 1029 2365 cum
1055 2304 1251 2386 privatorum
1273 2305 1373 2366 vitam

262 2427 482 2492 felleissimam
507 2446 576 2492 esse
597 2428 720 2510 jndicat
743 2429 816 2507 (21).
840 2426 1034 2492 Lucianeam
1054 2430 1153 2512 igitur
1171 2427 1375 2509 Necyoman-

259 2553 336 2616 tiam
362 2574 509 2637 maguam
534 2559 655 2638 partem
681 2551 866 2636 Menippeae
891 2551 1019 2624 Nervius
1043 2555 1254 2616 imitatIonem
1276 2553 1375 2619 fuisse

263 2679 344 2740 nulli
368 2678 543 2742 absurdum
570 2677 738 2742 videbitur.

304 2801 362 2866 III.
381 2802 561 2867 Lucienum
583 2805 781 2867 comicorum
799 2804 941 2885 vestigiis
953 2805 1154 2867 insistentem
1169 2805 1372 2888 philosophos

261 2929 295 2990 in
325 2930 426 2992 nsum
459 2929 622 2993 necavisse
654 2948 671 2992 e
700 2928 842 2992 Parasito
867 2933 898 2992 et
922 2927 1070 2992 Vitarum
1096 2930 1254 2994 Auctione
1278 2951 1375 3015 supra

260 3054 421 3134 vidimus3
454 3056 605 3138 quoniam
634 3060 741 3118 autem
765 3057 799 3116 in
824 3054 984 3118 Piscatore
1008 3054 1176 3139 Menippus
1199 3062 1375 3138 accusatur,

262 3181 346 3263 quod
381 3183 414 3244 in
450 3182 508 3244 hoc
543 3187 730 3266 argumento
765 3179 943 3244 uncianum
973 3182 1142 3263 Juvaverit
1169 3181 1373 3267 Menippeum

261 3325 349 3388 opus,
381 3305 437 3368 ubi
467 3304 685 3370 deriderentur
712 3307 807 3389 prisci
831 3306 1026 3390 philosophi,
1042 3311 1150 3370 extare
1175 3306 1294 3391 debuit,
1316 3328 1375 3373 nec

262 3430 371 3496 dubIto
396 3434 475 3515 quin
498 3433 592 3495 etiam
618 3451 705 3496 nunc
729 3433 883 3514 supersit3
909 3451 995 3514 nam,
1019 3435 1081 3497 nisi
1101 3432 1202 3515 fallor,
1222 3435 1374 3520 hocopus

262 3564 310 3624 est
338 3555 465 3640 Dioloyi
491 3557 696 3640 Mortuerum,
721 3556 777 3625 ubi
800 3558 871 3622 dial.
897 3557 991 3639 XIII,
1013 3557 1090 3640 XX,
1113 3557 1198 3622 XXI
1223 3561 1298 3624 mali
1322 3583 1375 3626 ru-

265 3703 368 3748 mores
392 3685 430 3748 de
453 3684 642 3768 Pythagora,
665 3684 803 3766 Socrate,
826 3684 968 3767 Platone,
992 3686 1163 3750 Aristotele
1183 3695 1376 3772 sparguntur

264 3815 295 3873 et
324 3813 391 3895 ipse
425 3810 594 3895 Menippus
626 3814 660 3876 in
692 3812 802 3875 decem
836 3812 968 3896 dialogis
1000 3813 1182 3878 mordacem
1215 3813 1373 3897 Cynicum

264 3936 335 4019 agit.
371 3934 484 4018 Neque
517 3936 633 4020 placIta
667 3937 705 4000 de
736 3937 803 4000 vita
834 3937 977 4000 humana
1009 3938 1134 4020 desunt,
1157 3940 1233 4021 quia
1256 3939 1326 4003 dial.
1350 3940 1376 4024 1,

264 4062 305 4146 Π,
328 4069 358 4128 et
380 4063 512 4127 XXVII
536 4065 720 4129 divitiarum
744 4064 870 4147 cupido,
893 4062 1007 4126 XXIV
1032 4064 1251 4148 sepulcrorum
1277 4068 1375 4132 luxus

265 4191 432 4255 deridetur.

308 4315 364 4380 IV.
392 4316 521 4380 Praeter
543 4316 760 4401 philosophiae
782 4315 1048 4402 improbationem
1073 4313 1209 4381 Tiresiae
1230 4319 1265 4382 in
1291 4320 1376 4403 „Me-
