3328 5234
777 595 815 655 71

285 806 435 870 Attamen
473 807 614 891 lapidum
647 808 775 890 jactatio
812 811 875 869 tam
913 794 1084 890 singulaiis
1118 808 1152 869 in
1186 781 1356 874 inimicum

240 934 379 1016 impetus
403 937 451 997 est
474 933 649 1016 habendus,
671 939 707 998 ut
728 932 890 998 Lucianus
913 931 1011 996 alium
1032 933 1217 1016 scriptorem
1230 939 1360 1000 secutus

241 1080 311 1126 esse
332 1061 495 1145 putandus
519 1061 583 1125 sit?

287 1187 357 1264 Qua
393 1189 571 1252 imitatione
593 1188 627 1251 in
650 1188 753 1252 medio
777 1186 887 1251 relicta
910 1184 1087 1269 videamus,
1111 1186 1190 1269 quid
1213 1186 1251 1250 de
1269 1153 1362 1272 argn-
1428 1196 1433 1208 '

244 1317 359 1380 mentis
392 1317 427 1380 in
457 1315 633 1380 Rhetorum
657 1319 867 1399 praeceptore,
890 1309 1147 1396 Icaromcnippo,¹
1163 1312 1362 1395 Necyoman-

242 1445 286 1507 tia
309 1445 462 1507 statuerit.

287 1568 376 1633 Rhet.
408 1569 516 1634 Pracc.
548 1571 563 1631 l
590 1570 742 1654 magister
765 1567 805 1631 ad
829 1567 1024 1651 discipulum
1047 1566 1139 1630 dicit:
1163 1564 1282 1643 οὶβθοτοο
1304 1565 1362 1648 γὰρ

243 1689 315 1759 ainai
346 1719 388 1759 σοι
418 1694 490 1775 Φής,
522 1694 546 1758 εἶ
576 1693 620 1772 μὴ
651 1691 787 1766 ποιοοθπιιι
818 1691 885 1756 arnol
915 1690 969 1764 riv
999 1691 1122 1769 δύναμιν
1145 1689 1311 1773 περιβοθλοιο
1334 1694 1363 1757 ἐν

244 1826 304 1891 τοῖς
339 1819 445 1902 λόγοις,
477 1819 514 1891 ὡς
538 1817 662 1898 ἄμοιχοι
685 1812 757 1882 εἷοοοι
784 1815 835 1880 rai
861 1816 1064 1880 ἀνυπόστατοι
1088 1815 1137 1879 nal
1165 1813 1357 1896 θοιομοθζεσθοο

247 1946 314 2025 πρὸς
346 1945 484 2010 οὶποθοπωο
518 1946 568 2010 aa}
600 1944 823 2023 ἀποβλέπεσθαι
854 1943 1099 2025 περισπούδαστοι
1130 1943 1269 2023 ἄκουσμα
1302 1952 1363 2018 τοῖς

247 2067 374 2144 Ἕλλησι
398 2071 545 2136 dorcinca.

240 2179 245 2194 ’
292 2195 456 2278 „Quorum
487 2197 680 2264 verborum”
712 2200 758 2262 sic
781 2198 888 2280 inquit
911 2195 1086 2261 Schulzeus
1113 2199 1290 2278 „sententia
1313 2216 1364 2262 ea-

247 2323 316 2386 dem
351 2323 417 2388 fere
453 2329 508 2406 est,
544 2344 626 2407 quae
656 2327 689 2388 in
713 2323 863 2389 Nubibus
889 2325 987 2408 (412),
1012 2322 1068 2387 ubi
1090 2323 1206 2387 chorus
1228 2322 1364 2407 Strepsi-

248 2450 340 2513 adem
364 2451 410 2513 sic
433 2450 623 2534 alloquitur:

332 2569 352 2638 ὦ
376 2582 430 2648 πῆς
454 2573 592 2654 μεγάλοι
615 2575 799 2653 ἐπιθυμήσας
822 2575 939 2658 οοΦίοιο,
964 2573 1099 2655 deipara,
1124 2573 1192 2654 παρ’
1222 2574 1303 2653 ἡμῶν

332 2704 370 2774 ὣς
394 2701 537 2780 εὐδαίμων
560 2703 588 2766 εἰι
612 2701 773 2776 ’Admodum
796 2700 848 2766 κοιὶ
871 2708 932 2773 τοῖς
956 2698 1084 2774 Ἕλλησι
1108 2697 1222 2775 braiao.

290 2828 334 2893 At
362 2829 416 2892 ille
441 2831 580 2911 juvenis
613 2831 669 2913 qui
693 2832 777 2893 inter
801 2829 938 2894 Graecos
961 2829 1143 2914 praeclarus
1166 2830 1271 2894 rhetor
1293 2829 1363 2894 fieri

247 2956 361 3037 studet,
394 2955 567 3039 Strepsiadi
601 2957 806 3039 antiquorum
841 2957 1056 3040 sophistarum
1091 2956 1287 3020 dialecticam
1321 2957 1361 3021 ad

246 3081 328 3143 vitae
351 3080 515 3143 commoda
539 3078 689 3144 adhibere
708 3080 836 3164 volenti,
860 3100 924 3144 non
947 3085 1013 3144 tam
1038 3079 1151 3144 similis
1172 3081 1305 3164 videtur,
1325 3086 1362 3145 ut

245 3204 423 3269 Lucianum
446 3206 691 3289 Aristophanem
717 3213 861 3271 secutum
886 3227 956 3272 csse
979 3212 1134 3291 appareat.

293 3330 373 3411 „Sed
397 3332 625 3415 cogitationum
649 3351 825 3397 consensus
849 3335 942 3396 etiam
967 3333 1139 3417 speciosior
1158 3338 1206 3398 est
1224 3335 1259 3396 in
1271 3333 1362 3398 aliis''

246 3461 348 3542 pergit
370 3457 544 3524 Sohulneus
569 3463 600 3523 et
623 3461 700 3542 vias,
725 3479 807 3544 quae
830 3463 907 3525 artis
931 3461 1105 3525 rhetoricae
1128 3461 1280 3525 studiosis
1291 3480 1362 3544 pro-

247 3590 418 3668 ponuntur,
441 3606 541 3649 unam
565 3588 735 3669 spinosam,
759 3586 889 3651 alteram
912 3587 1039 3671 planam
1064 3592 1095 3651 et
1114 3606 1262 3670 aequam,
1287 3606 1361 3650 cum

247 3707 345 3788 δικαίῳ
370 3716 401 3774 et
422 3709 511 3789 ἀδίκῳ
534 3708 612 3790 λόγῳ
636 3731 653 3776 e
676 3711 826 3776 Nubibus
850 3714 1051 3796 comparavit.

291 3836 335 3898 At
369 3835 447 3898 haec
482 3834 617 3898 duarum
652 3838 778 3900 viarum
815 3838 1017 3920 comparatio,
1053 3857 1135 3921 quae
1166 3857 1208 3902 ex
1230 3837 1364 3902 Hesiodi

249 3958 405 4043 Operibus
439 3960 496 4041 (vs.
522 3962 584 4022 287
610 3964 689 4044 sqq.)
715 3967 745 4025 et
768 3981 786 4026 e
808 3962 962 4026 Prodicea
984 3962 1093 4028 fabula
1117 3964 1267 4028 omnibus
1289 3969 1364 4028 nota

249 4092 305 4167 est,
330 4107 370 4150 ex
394 4085 544 4150 Nubibus
567 4087 756 4171 profluxerit
778 4108 908 4153 necesse
932 4089 1004 4154 est?

293 4212 571 4296 lcaromenippum
597 4213 711 4277 deinde
735 4233 799 4277 una
824 4233 864 4277 ex
876 4221 965 4298 parte
978 4220 1148 4300 cognatum
1158 4217 1281 4298 judicat
1294 4236 1367 4280 cnm

250 4340 341 4401 initio
373 4339 503 4421 Avium,
527 4339 625 4402 altera
649 4358 690 4403 ex
712 4344 801 4423 purte
824 4339 942 4403 mirum
966 4342 1000 4403 in
1023 4335 1155 4404 modum
1179 4359 1253 4404 cum
1275 4339 1367 4406 Pacis
