3310 5242
771 615 842 677 65·

278 829 472 894 Fritzschius
495 831 528 892 in
549 827 742 912 praefatione
762 826 801 890 ad
822 827 994 909 dialogum,
1014 845 1206 908 quemquam
1230 845 1354 908 eorum,

236 957 290 1038 qui
313 954 447 1019 Luciani
469 953 665 1038 temporibus
690 972 706 1017 e
729 955 823 1036 gente
845 952 971 1033 Avidia,
995 950 1109 1015 Pontia
1133 951 1185 1015 vel
1209 949 1349 1015 Domitia

234 1079 359 1164 Nigrini
391 1083 580 1164 cognomine
612 1079 803 1165 gaudebant,
837 1080 870 1141 in
900 1082 1009 1141 nostro
1041 1077 1164 1160 dialogo
1189 1077 1349 1161 designari

234 1208 350 1290 optimo
378 1208 451 1289 jure
482 1209 585 1290 negat,
608 1205 664 1270 sed
687 1203 747 1268 sub
766 1204 896 1267 nomine
918 1201 1046 1287 Nigrini
1069 1201 1224 1265 Albinum
1249 1221 1349 1286 quen-

233 1333 305 1396 dam
329 1332 528 1396 Platonicum
548 1332 646 1396 latere
665 1333 822 1414 opinatur,
845 1332 901 1413 qui
921 1349 995 1393 cum
1015 1349 1098 1392 anno
1114 1330 1176 1391 152
1190 1329 1347 1412 Smyrnae

232 1459 365 1542 doceret,
396 1461 480 1523 inter
503 1458 581 1522 alios
605 1457 762 1522 Galerium
784 1461 894 1540 postea
917 1455 1153 1520 nobilissimum
1178 1457 1347 1541 medicum,

232 1585 426 1669 discipulum
450 1584 568 1649 habuit.

274 1712 320 1774 At
352 1711 404 1775 hic
438 1731 524 1795 rogo,
555 1730 653 1794 quare
683 1709 854 1793 Lucienus,
885 1713 942 1793 qui
972 1711 1161 1794 magistrum
1192 1711 1348 1775 Albinum

229 1837 360 1900 laudare
390 1837 493 1919 vellet,
523 1856 639 1901 nomeu
674 1835 803 1900 celando
835 1835 1001 1900 dimidium
1033 1836 1137 1900 laudis
1168 1836 1350 1921 dempserit,

231 1982 295 2047 quo
318 1963 447 2044 aceedit,
470 1943 507 2027 ut
529 1963 656 2027 nullum
677 1962 904 2026 documentum
921 1963 1066 2026 invenire
1085 1965 1214 2046 possim,
1237 1984 1349 2046 quam·

230 2088 339 2153 obrem
361 2087 416 2152 ille
437 2088 576 2152 Albinus
599 2088 684 2152 idem
706 2087 811 2169 fuerit,
836 2106 931 2170 quem
954 2086 1117 2152 Lucianus
1140 2088 1200 2152 sub
1221 2088 1348 2174 Nigrini

229 2216 359 2278 nomine
381 2213 531 2277 laudavit.

273 2339 468 2404 Fritzschius
501 2342 535 2403 in
570 2343 661 2404 textu
691 2338 827 2403 1111011111
851 2340 1073 2404 constituendo
1097 2342 1259 2425 vitiisque
1273 2362 1350 2426 pur-

229 2467 334 2549 gando
376 2484 440 2528 non
483 2466 632 2549 exiguam
673 2465 800 2528 laudem
843 2467 985 2547 meritus,
1028 2467 1061 2529 in
1106 2466 1349 2548 quaestionibus

229 2596 335 2656 tamen
367 2591 407 2654 ad
437 2591 602 2655 historiam
633 2590 875 2674 pertinentibus,
908 2611 983 2655 cum
1016 2591 1125 2656 multis
1156 2593 1226 2656 aliis
1249 2593 1350 2677 philo·

229 2717 308 2800 logis
343 2718 404 2781 hoe
426 2735 532 2781 errore
553 2721 716 2801 permotus
741 2723 798 2799 est,
822 2722 858 2781 ut
883 2719 1081 2799 conjecturas
1103 2738 1236 2801 prorsus
1258 2720 1348 2784 nullo

229 2844 365 2907 nitentes
401 2843 609 2907 fundamento
646 2843 841 2908 confidenter
875 2843 1036 2927 proferret.
1072 2844 1203 2928 Semper
1237 2846 1351 2924 hercle,

229 2988 382 3034 memores
406 2971 517 3052 simus
540 2970 693 3053 plurimas
718 2989 760 3034 ex
784 2971 974 3052 antiquitate
998 2990 1049 3034 res
1073 2974 1233 3035 vetustate
1252 2973 1349 3035 nimis

230 3095 367 3159 occultas
391 3113 470 3177 esse,
495 3115 591 3178 quam
615 3113 698 3178 quae
727 3094 831 3158 adhuc
854 3094 893 3158 ad
916 3099 1040 3159 certum
1054 3100 1204 3160 eventum
1218 3096 1349 3181 perduoi

230 3222 359 3304 possint,
388 3239 494 3304 neque
524 3220 596 3284 illos
625 3221 781 3304 sophistas
805 3221 979 3304 imitemur,
1003 3224 1059 3306 qui
1083 3226 1188 3288 utram
1213 3223 1349 3287 Veneris

230 3366 360 3412 manum
402 3345 573 3411 Diomedes
610 3347 835 3424 vulneraverit,
870 3353 902 3412 et
936 3352 1008 3412 utro
1042 3349 1122 3432 pede
1157 3349 1349 3415 claudicaret

229 3473 395 3558 Philippus
419 3473 649 3558 quaeritabant.
672 3472 832 3557 Equidem
856 3493 938 3557 nego
962 3474 1044 3538 effici
1068 3493 1169 3558 posse,
1195 3479 1267 3560 quis
1288 3476 1348 3540 sub

228 3599 353 3686 Nigrini
375 3619 510 3684 persona
534 3600 638 3682 lateat,
661 3600 759 3663 immo
782 3603 881 3663 totam
901 3599 988 3663 illam
1001 3600 1158 3664 Platonici
1170 3602 1349 3685 philosophi

228 3746 392 3811 porsonam
418 3748 436 3791 1
459 3726 599 3792 Lucieno
626 3725 734 3790 fictam
757 3744 826 3790 essa
847 3727 925 3788 mihi
944 3729 1159 3792 certissimum
1172 3731 1278 3793 visum
1294 3734 1352 3794 est.

269 3853 441 3939 Nigrinum
474 3873 575 3938 aeque
606 3873 643 3917 ac
665 3837 912 3934 Hermotimum,
936 3852 1114 3936 Micyllum,
1136 3854 1347 3919 Adimantum

229 3981 362 4064 eiusque
396 3981 514 4044 amicos
549 3981 593 4059 (in
628 3977 835 4059 Hermotimo,
871 3977 971 4060 Gallo,
1006 3977 1153 4062 Navigio)
1189 4000 1246 4064 pro
1277 3980 1351 4045 ficta

230 4126 362 4191 persona
396 4107 525 4172 habenti
554 4106 635 4171 forte
667 4107 826 4190 quispiam
856 4104 934 4169 mihi
966 4107 1102 4190 objiciat,
1127 4106 1251 4193 dialogo
1275 4127 1346 4174 esse

230 4235 420 4317 praepositas
450 4232 584 4297 Luciani
607 4233 727 4298 litteras
750 4232 789 4296 ad
811 4230 984 4316 Nigrinum
1008 4233 1197 4318 magistrum
1223 4236 1346 4302 missas.

230 4361 272 4426 At
296 4363 368 4446 quis
391 4363 511 4426 nesciat
530 4359 767 4425 Antoninorum
786 4378 863 4424 aevo
884 4360 1042 4444 sophistas
1065 4360 1141 4424 huic
1160 4365 1348 4447 reioperam

1238 4474 1255 4524 5
