3328 5234
820 595 882 654 116

326 804 491 889 Biirgerus
526 803 617 867 dicit:
657 801 796 884 „Lucius
830 803 993 868 Patrensis
1027 805 1061 867 in
1096 805 1224 868 asinum
1262 809 1408 872 mutatus

285 947 355 993 esse
377 928 416 992 ab
440 931 549 1012 ignoto
569 931 723 1012 scriptore
746 930 780 992 in
804 928 1115 1013 Metamorphosibus
1138 929 1301 1016 fingitur.”

330 1052 382 1118 Me
416 1059 522 1118 tamen
553 1054 672 1138 judice,
707 1056 776 1138 ipse
806 1053 927 1120 Lucius
958 1055 1120 1121 Patrensis
1151 1076 1186 1122 se
1215 1058 1250 1121 in
1282 1060 1409 1123 asinum

285 1185 442 1246 mutatum
466 1200 536 1245 esse
558 1182 593 1244 in
616 1180 926 1265 Metamorphosihus
951 1185 1109 1247 narravit.

329 1307 374 1370 At
403 1306 594 1390 videamus,
610 1308 689 1390 quid
711 1307 835 1372 Asinus
858 1312 889 1372 et
912 1307 1184 1393 Metamorphoses
1208 1265 1410 1395 Apuleianae

287 1413 713 1497 mmmmmm.

329 1557 393 1621 Per
422 1561 521 1622 totam
551 1577 697 1643 graecam
724 1557 865 1623 fabulam
889 1560 1064 1644 primarum
1087 1562 1227 1643 partium
1251 1566 1338 1650 actor
1361 1566 1409 1627 est

285 1682 406 1748 Lucius
438 1684 568 1767 quidam
594 1686 735 1768 juvenis,
767 1687 824 1769 qui
854 1691 982 1770 propter
1004 1688 1170 1770 negotium
1195 1688 1256 1752 sibi
1279 1709 1297 1752 a
1320 1693 1410 1773 patre

285 1810 473 1875 mandatum
506 1812 567 1875 iter
601 1812 635 1874 in
665 1810 861 1875 Thessaliam
892 1811 995 1876 facere
1018 1815 1168 1897 instituit,
1191 1834 1257 1878 uno
1280 1817 1406 1879 tantum

284 1935 355 1998 loco
391 1939 523 2019 excepto
558 1937 632 2019 (55),
656 1935 712 1999 ubi
735 1955 769 2000 se
792 1956 857 2000 non
881 1935 985 2001 filium
1012 1940 1207 2022 mercatoris,
1231 1939 1287 2004 sed
1310 1939 1406 2004 histo·

286 2062 408 2126 riarum
432 2063 617 2145 scriptorem
641 2063 795 2126 nominat.

331 2186 431 2252 Vides
463 2207 546 2272 ergo,
569 2189 613 2252 mi
635 2188 743 2272 lector,
766 2190 894 2254 nullum
918 2190 1124 2255 manifestum
1148 2191 1320 2256 discrimen
1344 2210 1409 2256 ser-

287 2319 355 2380 vari
378 2318 460 2381 inter
485 2317 670 2400 scriptorem
692 2315 818 2380 fabulae
842 2320 873 2380 et
895 2336 979 2400 eum,
1004 2318 1060 2400 qui
1079 2318 1199 2401 primas
1217 2320 1282 2402 agit
1293 2321 1412 2401 partes.

288 2441 428 2525 Gonjicio
452 2443 537 2506 enim
561 2441 619 2506 has
641 2441 814 2505 rhetoricas
837 2440 961 2506 fabulas
982 2442 1072 2506 nullo
1097 2443 1260 2536 scriptoris
1279 2444 1411 2508 nomine

287 2569 322 2631 in
356 2567 449 2633 titulo
483 2567 557 2631 libri
592 2567 698 2630 addito
733 2567 767 2628 in
799 2566 916 2650 vulgus
940 2585 1009 2630 esse
1032 2567 1133 2632 editas
1158 2586 1264 2651 neque
1287 2571 1411 2632 auctori

288 2694 388 2758 ullam
423 2694 517 2757 aliam
550 2689 742 2775 facultatem,
774 2696 810 2755 ut
840 2694 1062 2776 innotesceret,
1085 2695 1285 2778 remansisse,
1310 2715 1408 2778 quam

287 2823 324 2883 ut
346 2821 380 2883 in
404 2819 594 2884 narrationis
618 2837 751 2902 corpore
774 2819 843 2900 ipse
867 2837 926 2882 suo
950 2821 1080 2882 nomine
1105 2820 1254 2903 prodiret.

333 2945 470 3011 Prorsus
505 2947 590 3010 idem
627 2946 741 3008 vitium
765 2945 1005 3026 compositionis
1031 2982 1071 2990 -
1091 2964 1166 3008 nam
1190 2945 1253 3009 alia
1278 2964 1356 3010 voce
1378 2947 1413 3010 id

290 3074 456 3157 designare
491 3074 564 3137 nolo
589 3110 630 3119 --
655 3075 851 3156 conspicitur
873 3075 906 3136 in
931 3072 1078 3155 Apulei0,
1102 3070 1158 3135 ubi
1181 3090 1238 3156 per
1260 3073 1412 3155 majorem

289 3199 417 3265 fabulae
439 3204 559 3285 partem
582 3199 755 3283 primarum
780 3203 867 3262 actor
890 3197 1010 3262 Lucius
1024 3196 1207 3261 Corinthius
1220 3199 1412 3262 nominatur.

290 3327 335 3390 At
365 3327 524 3411 Apuleius
554 3324 614 3408 XI,
645 3326 685 3388 27
717 3325 771 3388 1110
795 3323 895 3388 Lucio
919 3322 1083 3387 corinthio
1108 3325 1247 3406 seposito
1271 3327 1421 3388 actorem‘

291 3454 467 3537 primarum
500 3453 640 3535 partium
673 3451 776 3534 palam
807 3449 1053 3514 Madaurensem
1077 3453 1177 3532 vocat,
1203 3469 1266 3532 quo
1290 3450 1413 3515 scilicet

290 3580 421 3644 nomine
444 3580 608 3662 seipsum
631 3577 772 3643 indicare
796 3578 906 3642 voluit.

335 3704 499 3781 Quantum
523 3703 764 3769 disturbationis
788 3704 866 3768 haec
878 3723 1086 3787 personarum
1099 3701 1291 3786 ambiguitas
1304 3721 1413 3768 creare

290 3836 406 3916 posset,
428 3831 535 3895 lucide
557 3829 855 3914 Metamorphoseon
878 3830 1008 3893 initium
1033 3829 1186 3909 declarat,
1210 3827 1331 3893 Lucius
1356 3827 1414 3892 Oo-

287 3959 427 4023 rinthius
452 3959 497 4022 sic
520 3958 609 4040 loqui
632 3957 760 4039 incipit:
789 3956 852 4038 „At
876 3974 933 4040 ego
957 3954 1015 4020 tibi
1039 3974 1185 4021 sermone
1207 3956 1268 4020 isto
1281 3954 1409 4019 Milesio

288 4086 394 4149 varias
415 4083 540 4182 fabulas
563 4101 728 4147 conseram
741 4131 747 4145 .
761 4132 768 4145 .
782 4131 809 4147 ..
834 4085 865 4146 et
888 4081 1008 4166 figuras
1018 4081 1229 4164 fortunasque
1241 4082 1410 4146 hominum

287 4207 323 4270 in
357 4209 435 4272 alias
466 4208 621 4291 imagines
652 4226 832 4290 conversas,
855 4212 891 4271 ut
913 4209 1048 4290 mireris,
1072 4206 1253 4270 exordior.’'
1277 4205 1413 4293 Deinde,

288 4332 346 4397 ubi
379 4336 475 4398 natus
510 4335 551 4397 sit
585 4338 616 4397 et
646 4353 743 4417 quam
774 4333 984 4398 aerumnabili
1007 4333 1115 4398 labore
1139 4331 1314 4408 Quiritium
1345 4353 1413 4398 ser-
