3310 5242
850 603 892 667 26

319 814 625 900 ,Tyranniciderum
656 816 797 898 praemia
827 819 882 879 aut
912 815 1070 900 quidquid
1098 817 1132 879 in
1162 817 1269 881 schole
1292 819 1433 902 quotidie

317 941 460 1027 egitur'':
485 939 615 1004 Lucien.
636 940 675 1004 de
697 941 797 1004 saltet.
820 941 861 1003 65
881 943 936 1004 τῶν
957 944 1087 1018 μελετῶν
1105 941 1252 1022 πρόσωπα.
1329 967 1432 1024 ruper-

313 1068 445 1150 νοκτόνοι)
470 1072 567 1151 etque
593 1066 675 1130 duee
699 1068 818 1146 πονηραὶ
843 1068 912 1131 sive
935 1062 1031 1136 ἄδοξοι
1056 1065 1200 1140 ὑποθέσεις
1210 1065 1243 1150 1),
1267 1070 1302 1132 in
1315 1068 1432 1152 quibus

312 1197 384 1279 ipsa
417 1194 552 1258 deterior
575 1213 672 1257 oense
696 1195 850 1257 oratoriee
873 1193 1034 1258 facultatis
1058 1194 1186 1258 landem
1212 1214 1329 1279 augere
1351 1197 1431 1260 sole

315 1320 377 1385 bat.
413 1321 457 1385 Ut
491 1321 575 1384 enim
611 1319 664 1382 elii
699 1320 841 1384 rhetores
877 1318 1158 1402 Clytaemnestram
1190 1326 1221 1386 et
1250 1321 1433 1386 Busiridem

315 1448 407 1530 quasi
439 1447 567 1510 virtutis
599 1445 745 1529 exemple
775 1444 955 1528 laudabant,
980 1447 1025 1510 sic
1047 1444 1209 1511 Lucienus
1232 1446 1433 1512 Phaloriam

311 1572 414 1636 ferum
439 1572 685 1656 Agrigentinum
709 1574 885 1652 tyrannum
909 1571 1091 1654 praedicare
1114 1571 1175 1636 sibi
1197 1576 1371 1658 proposuit.
1391 1574 1433 1638 In

311 1699 409 1764 altero
444 1700 557 1764 deinde
579 1697 753 1763 Phalaride
775 1696 950 1782 Delphicus
975 1699 1104 1783 quidem
1129 1701 1275 1765 sacerdos
1299 1721 1356 1785 pro
1380 1721 1431 1765 eo-
1463 1679 1466 1685 ¹

313 1826 457 1909 cipiendo
491 1825 574 1889 dono
609 1845 627 1888 e
658 1824 779 1888 nesano
812 1830 949 1906 tyranno
981 1827 1048 1890 suis
1080 1826 1205 1892 civibus
1236 1833 1266 1892 et
1289 1829 1432 1913 Apollini

313 1951 427 2034 oblato,
451 1953 627 2015 suasoriam
652 1951 770 2014 habuit.

357 2075 517 2141 Sedatiore
553 2076 645 2159 style,
682 2077 737 2160 qui
773 2077 874 2160 magis
899 2096 972 2140 eum
997 2079 1099 2141 ethica
1121 2077 1334 2162 disputatione
1357 2100 1432 2145 oon-

312 2204 470 2287 veniebat,
495 2205 634 2287 scriptus
658 2207 706 2267 est
728 2201 808 2266 liber
831 2203 868 2266 de
890 2221 954 2266 ooo
978 2208 1087 2268 temere
1105 2204 1254 2269 credendo
1273 2205 1434 2292 delotmoi,

313 2331 399 2414 quod
423 2349 503 2414 opus
528 2348 586 2413 pro
610 2330 766 2394 rhetorice
786 2329 1014 2393 declamatione
1033 2328 1214 2395 habendum
1236 2351 1305 2396 esse
1324 2352 1432 2416 neque

311 2475 367 2541 pro
403 2455 594 2538 defensione,
630 2476 693 2539 qne
728 2457 887 2539 propriam
921 2475 1049 2520 causam
1080 2424 1243 2522 Lucienus
1275 2429 1432 2525 adversus

310 2584 514 2647 inimieorum
540 2582 719 2647 calumnias
739 2583 822 2645 tueri
846 2581 1014 2665 studuerit,
1036 2582 1187 2666 lenguida
1210 2585 1306 2648 dictio
1326 2589 1357 2648 et
1367 2585 1430 2650 loci

309 2726 495 2771 communes
518 2707 624 2771 lucide
648 2708 872 2771 demonstrent.

355 2833 459 2898 Etiam
490 2834 713 2918 grammatices
745 2852 849 2917 nugas
880 2831 1043 2896 Lucienus
1073 2834 1107 2896 in
1129 2834 1253 2917 judicio
1282 2836 1431 2900 vocalium

310 2961 465 3024 rhetorice
497 2961 629 3042 ornavit,
656 2958 714 3022 ubi
735 2960 872 3023 litteram
896 2982 915 3021 σ
937 2961 1100 3062 inimicam
1126 2983 1145 3022 τ
1167 2979 1316 3026 accusare
1337 2962 1431 3047 fingit

312 3086 382 3165 βίαις
413 3083 465 3149 nai
484 3084 644 3166 ἁρπαγῆς,
678 3085 846 3166 ἀφῃρῆσθαι
877 3083 1021 3163 λέγουσαν
1053 3083 1169 3150 πάντων
1198 3091 1254 3151 τῶν
1284 3089 1313 3151 ἐν
1336 3087 1429 3170 διπλῷ

309 3216 368 3277 ταῦ
391 3210 596 3292 ἐκφερομένων.

357 3339 494 3426 „Quid”
528 3341 573 3402 ite
604 3338 857 3422 interpellantem
891 3338 972 3401 mihi
1002 3338 1112 3402 videor
1136 3339 1247 3404 audire
1270 3341 1429 3426 lectorem,

313 3471 367 3548 ,tu
392 3468 506 3549 omnia,
531 3485 613 3550 quae
635 3463 799 3529 Lucienus
819 3466 926 3532 rhetor
945 3466 1131 3549 composuit,
1152 3467 1268 3550 scripta
1280 3467 1428 3551 colligere

309 3611 484 3676 eorumque
514 3596 700 3676 argumenta
730 3610 889 3675 exponere
918 3593 1109 3676 aggrederis,
1141 3594 1234 3676 quasi
1265 3593 1427 3658 eMeesio

309 3721 472 3804 hocopus
497 3738 561 3782 non
586 3718 773 3782 aderitum
799 3720 839 3782 sit
862 3719 1098 3802 perductum''?

352 3843 484 3908 Minime
516 3861 599 3926 vere,
624 3842 663 3907 de
687 3844 726 3906 iis
750 3843 844 3907 modo
869 3845 1103 3928 controversiis,
1128 3842 1208 3929 ques
1232 3846 1271 3910 de
1293 3847 1426 3911 oonsilio

309 3970 644 4055 scribendi'philologi
677 3976 855 4054 moverunt,
880 3971 1055 4055 disputabo.

338 4274 365 4340 1)
385 4277 435 4328 Ctr.
452 4277 480 4328 L.
499 4278 643 4342 Cresollius,
660 4277 802 4329 Theatrum
823 4284 941 4330 veterum
958 4281 1112 4342 Rhetorum,
1123 4280 1309 4333 Parisiisleau
1320 4283 1355 4348 (p.
1364 4281 1423 4345 204)

308 4367 353 4432 qui
370 4368 435 4418 liber
454 4370 485 4420 ed
502 4371 676 4435 sophistarum
695 4369 781 4422 studia
797 4373 968 4436 cognoscenda
985 4373 1064 4424 etiam
1080 4375 1155 4425 hodie
1172 4379 1211 4425 est
1228 4374 1390 4425 utilissimus.
