3310 5242
769 603 810 665 27

274 809 438 894 Rhetoree,
464 831 539 876 cum
564 812 603 876 ad
625 805 779 897 populum
802 813 973 898 prodirent,
996 835 1060 879 non
1085 834 1167 900 qnae
1189 817 1251 901 ipsi
1275 835 1346 882 sen-

226 938 338 1021 tirent,
372 940 407 1002 in
437 939 720 1004 declamationibus
744 942 928 1005 enuntiasse
952 942 1007 1005 sed
1026 942 1147 1025 judicia
1171 961 1347 1006 accommo-

228 1066 324 1130 dasse
346 1065 386 1129 ad
410 1066 575 1132 arbitrium
600 1068 825 1152 multitudinis,
849 1088 866 1133 e
888 1088 923 1134 re
945 1071 1014 1153 ipsa
1026 1070 1222 1154 intelligitur.
1234 1069 1347 1153 Itaque

226 1189 353 1254 factum
383 1197 430 1256 est
453 1197 498 1276 ut,
520 1213 594 1256 cum
617 1191 780 1258 Lucianus
810 1193 937 1273 patriae
960 1193 1084 1258 laudem
1106 1192 1263 1259 celebrare
1286 1192 1348 1258 sibi

227 1318 456 1401 proposuisset,
480 1318 576 1383 verba
600 1321 670 1385 eius
690 1339 756 1383 uon
777 1338 817 1383 ex
836 1320 949 1383 intimo
962 1319 1066 1383 cordis
1078 1319 1191 1384 affectu
1204 1319 1348 1402 fluerent,

229 1445 298 1527 sed,
328 1465 411 1529 quae
442 1445 480 1510 ab
515 1446 714 1512 auditoribus
749 1448 870 1529 requiri
894 1448 997 1529 sciret,
1022 1447 1113 1529 quasi
1136 1445 1198 1510 sibi
1221 1445 1348 1529 proprie

228 1571 373 1657 fingeret
403 1571 540 1637 Difficile
571 1592 646 1657 ergo
679 1573 811 1655 creditu,
833 1592 898 1636 non
922 1591 1041 1657 paucos
1064 1573 1150 1656 apud
1174 1571 1348 1637 Germanos

228 1702 378 1763 inventos
413 1718 483 1764 esse
516 1701 612 1782 viros,
644 1701 710 1782 qui,
741 1719 816 1763 cum
848 1701 969 1784 patriae
993 1699 1118 1763 leudem
1143 1703 1215 1763 onte
1239 1699 1348 1764 oeulos

228 1823 393 1908 baberent,
421 1823 597 1889 [lucianum
631 1827 723 1910 quasi
749 1825 921 1909 perfectum
948 1826 1050 1889 civem
1074 1825 1292 1908 praedicarent
1317 1829 1348 1889 et
1383 1885 1386 1892 .

229 1951 407 2036 diligerent.
431 1951 578 2016 Wieland
602 1952 646 2031 (in
668 1950 745 2016 Luc.
767 1954 912 2016 versione
931 1951 970 2015 V.
993 1952 1067 2033 379)
1088 1951 1347 2015 declamationem

228 2076 384 2160 appellat:
416 2076 516 2158 „Eine
538 2077 615 2142 reife
640 2077 707 2141 und
730 2078 799 2141 edle
822 2077 940 2142 Frucbt
964 2079 1069 2142 seiner
1092 2081 1219 2161 spitern
1242 2075 1351 2159 Jahre,

228 2203 322 2266 mehr
344 2204 395 2266 ein
418 2202 517 2267 Werlr
541 2203 596 2268 des
619 2203 762 2268 Herzens
786 2202 832 2268 als
857 2203 911 2268 des
935 2203 1088 2286 Witzes”,
1112 2221 1249 2288 quocum
1274 2221 1349 2265 con-

228 2331 369 2392 veniunt
403 2328 499 2394 verba
531 2328 644 2394 Jacobi
678 2319 779 2405 (Cher.
813 2328 889 2394 Luc.
921 2350 950 2415 p.
985 2331 1038 2412 39)
1078 2329 1148 2411 ,die
1178 2328 1349 2412 Innigkeit,
1380 2341 1382 2346 ·

229 2454 351 2518 welche
375 2455 464 2519 darin
487 2455 557 2519 fern
576 2475 638 2519 von
652 2456 745 2519 allem
757 2454 968 2540 Redeprunlre
980 2456 1132 2537 berrscht,
1145 2454 1229 2519 stellt
1240 2473 1274 2519 es
1287 2453 1348 2518 den

229 2579 373 2644 edelstcn
404 2580 775 2666 Herzensergiessungen
809 2581 888 2646 alter
910 2582 977 2645 und
1001 2581 1101 2645 neuer
1124 2579 1350 2644 Schriftsteller

228 2706 312 2772 iiber
332 2707 439 2772 diesen
455 2709 595 2773 edelsten
609 2708 810 2794 Gegenstand
823 2709 911 2773 nicht
922 2707 1102 2794 Unwiirdig
1116 2728 1155 2772 an
1170 2707 1220 2771 die
1233 2706 1347 2772 Seite.’'

277 2830 357 2908 Quis
391 2837 506 2917 tamen,
537 2837 592 2918 qui
616 2854 680 2898 non
702 2835 797 2920 plane
820 2835 909 2899 rudis
933 2836 1032 2899 sitin
1058 2833 1191 2898 Luciani
1215 2833 1350 2917 scriptis

229 2957 327 3023 verba
361 2978 401 3023 ex
437 2961 535 3023 animi
567 2962 724 3025 sententia
747 2961 885 3045 profecta
910 2980 980 3025 esse
1003 2965 1102 3046 putet,
1128 2960 1235 3043 qualia
1261 2963 1345 3023 sunt:

229 3083 254 3146 εἰ
284 3079 315 3146 δὲ
341 3083 412 3156 θεοῖς
443 3083 536 3162 τίμιον
560 3083 593 3150 τὸ
616 3092 669 3157 τῆς
693 3085 832 3166 πατρίδος
856 3083 958 3170 ὄνομα,
981 3089 1042 3157 πῶς
1066 3086 1115 3149 οὐκ
1139 3082 1292 3163 ἀνθρώποις
1314 3108 1350 3160 γε
1416 3105 1417 3110 ’

230 3207 330 3288 πολλῷ
365 3210 499 3286 pianum
534 3231 639 3295 neque
670 3213 748 3294 viro,
779 3214 835 3295 qui
865 3231 922 3296 per
945 3231 1055 3277 omnes
1079 3217 1181 3275 terrae
1205 3212 1350 3295 regiones

229 3354 334 3400 errore
367 3335 496 3418 solebat,
523 3342 674 3402 terrorem
705 3340 848 3402 incutere
872 3342 993 3422 poterat
1016 3337 1049 3401 τὸ
1073 3335 1154 3415 μετὰ
1178 3333 1299 3399 trinario
1321 3336 1350 3398 ἐν

230 3461 371 3543 ἀλλοτρίᾳ
405 3461 516 3524 κεῖσθαι
550 3469 601 3542 γῇ.
632 3462 745 3548 Neque
775 3463 926 3527 audaciae
958 3464 1036 3527 mihi
1063 3465 1172 3528 videor
1202 3482 1349 3527 accusan-

231 3586 292 3650 dus
316 3605 394 3669 esse,
419 3588 446 3651 si
469 3584 603 3650 Luciani
627 3606 692 3651 non
716 3588 853 3651 multum
866 3588 1051 3653 interfuisse
1064 3589 1230 3671 contendo,
1242 3593 1350 3652 utrum

228 3713 361 3797 patriam
386 3711 538 3794 laudaret,
561 3732 601 3776 an
622 3749 662 3760 —
684 3717 799 3778 utrem
811 3715 935 3777 minimi
947 3716 1040 3797 pretii
1054 3716 1155 3779 dicam
1169 3752 1209 3761 -
1222 3713 1352 3778 Musaue
1401 3698 1412 3714 ’

228 3839 373 3903 bonorem
386 3838 410 3918 ¹)
434 3839 475 3903 ad
498 3839 685 3903 rhetoricam
710 3843 926 3905 recitationem
952 3841 1127 3906 adornaret.

272 3966 317 4029 At
348 3967 386 4030 de
408 3965 588 4050 philologis,
611 3969 678 4052 qui,
703 3941 788 4051 quae
811 3966 975 4032 Lucianus
998 3969 1104 4032 rhetor
1127 3968 1271 4032 elocutus
1295 3972 1350 4051 est,

230 4159 379 4169 .——-—

263 4275 291 4340 1)
310 4277 356 4326 Dio
373 4277 487 4330 laudavit
503 4281 650 4344 psittacum,
667 4279 809 4330 Favorinus
828 4279 947 4344 culicem,
961 4279 1106 4330 Clitarchus
1115 4279 1351 4345 teredinemffloly-

225 4375 311 4422 crates
327 4384 422 4420 mures.
