3328 5234
839 579 903 642 124
984 545 987 550 ’

314 812 332 855 a
370 791 512 856 Luciano
548 792 587 855 ad
622 797 817 856 senectutem
854 791 1044 876 devergente
1078 789 1230 855 confectis
1264 789 1365 853 habeo
1402 795 1434 854 et

305 916 426 982 ibidem
461 919 634 983 sententias
665 920 783 1002 inveni,
816 938 897 1003 quae
927 937 1001 982 cum
1034 916 1230 999 Cynicorum
1254 919 1433 1002 praeceptis

308 1046 514 1129 conveniunt,
545 1044 727 1130 (Demonax
758 1046 797 1108 11
825 1070 863 1103 :
892 1046 930 1110 de
960 1064 1037 1109 sacr.
1072 1025 1101 1126 1')
1134 1044 1226 1108 facile
1256 1043 1436 1128 intellegaS,

306 1170 414 1254 lector,
437 1191 488 1236 mo
512 1191 575 1234 non
599 1174 634 1235 in
657 1190 768 1236 eorum
786 1173 981 1236 'sententiam
1003 1173 1060 1254 iro,
1082 1173 1139 1255 qui
1162 1176 1333 1254 utramque
1346 1190 1433 1234 com-

309 1298 538 1362 mentationem
567 1319 584 1360 a
616 1296 805 1362 Christianis
837 1317 853 1362 o
886 1296 1056 1362 Lucianeis
1080 1298 1206 1380 scriptis
1231 1296 1434 1380 compilatam

309 1439 378 1486 esso
414 1427 590 1486 autument.
628 1422 764 1487 Nullum
800 1425 895 1501 enirn,
932 1423 1017 1506 quod
1053 1422 1265 1486 Christianam
1300 1441 1434 1486 manum

308 1552 464 1631 argueret,
496 1548 722 1637 documentum
746 1550 874 1630 inveni3
899 1551 927 1613 si
952 1550 1024 1632 quis
1048 1548 1154 1612 aut'em
1179 1546 1276 1610 verba
1297 1545 1434 1610 Luciani

308 1674 473 1759 indignati,
510 1676 596 1766 quod
631 1676 776 1738 homines
811 1671 882 1738 οὕτω
914 1664 1048 1738 conrardo
1077 1671 1129 1736 καὶ
1163 1671 1283 1750 ἀγεννὲς
1307 1671 1340 1736 τὸ
1366 1672 1435 1736 θεῖον

309 1798 517 1879 ὑπειλήφασιν,
542 1796 616 1863 ὥστε
639 1793 709 1862 εἶναι
733 1798 885 1879 ἀνθρώπων
908 1797 1000 1871 ἐνδεές
1024 1799 1078 1883 (de
1101 1818 1181 1864 sacr.
1209 1798 1239 1879 1)
1253 1817 1325 1862 cum
1338 1797 1435 1862 Pauli

309 1926 455 2008 Apostoli
487 1927 567 2007 (Act.
590 1907 701 2010 Apost.
728 1926 779 2008 17,
804 1926 856 2007 25)
877 1925 998 2007 Judicio
1022 1928 1191 2007 comparet,
1215 1923 1303 1987 unde
1327 1921 1435 1986 Chris-

308 2052 431 2115 tianam
456 2051 556 2114 libelli
580 2052 735 2135 originem
759 2052 992 2134 interpretetur,
1016 2051 1045 2112 oi
1067 2049 1253 2133 Euripidem
1276 2048 1435 2112 dicentem

310 2175 405 2238 δεῖται
435 2173 492 2255 γὰρ
524 2175 537 2238 ὃ
573 2175 641 2254 θεὸς,
666 2172 743 2255 εἴπερ
766 2171 827 2238 ἔστ’
852 2171 938 2244 ὅντως
963 2174 1031 2256 θεὸς,
1055 2170 1165 2245 οὐδενός
1188 2174 1222 2236 in
1248 2174 1434 2237 memoriam

309 2301 473 2367 revocabo.

249 2494 257 2508 ,
354 2426 416 2491 Sed
440 2427 519 2510 quid
543 2446 598 2491 vos
621 2427 760 2511 amplius
785 2427 914 2490 moror?
933 2425 1096 2490 Lucienus
1116 2427 1200 2490 enim
1222 2425 1275 2509 (da
1295 2424 1386 2489 luctu
1402 2427 1434 2504 9)

312 2553 350 2618 do
380 2552 504 2616 inferiis
535 2554 628 2636 quasi
658 2553 697 2617 de
728 2559 797 2624 ταῖς
827 2552 896 2633 παρ’
930 2551 1033 2630 ἡμῶν
1064 2557 1151 2630 χοαῖς
1174 2551 1327 2635 loquitur,
1352 2571 1435 2635 quae

312 2677 409 2742 verba
432 2698 610 2761 numquam
636 2699 654 2744 a
678 2678 856 2744 Christiano
881 2678 977 2742 scribi
999 2683 1180 2762 potuerunt.

357 2802 476 2879 Quarto
508 2805 571 2868 mei
600 2803 673 2867 libri
697 2806 792 2888 capiti
813 2803 909 2868 finem
935 2805 1146 2887 impositurus
1168 2804 1229 2867 hoe
1251 2806 1376 2868 tantum
1399 2806 1435 2868 in

311 2930 501 2993 universum
538 2929 576 2994 de
606 2930 716 2993 tertiae
752 2931 864 2993 aetatis
888 2928 1037 3014 operibus
1060 2929 1289 3011 animadverto,
1312 2928 1435 3013 ubique

312 3075 405 3120 veros
439 3055 574 3119 Luciani
608 3056 757 3139 aequales
791 3057 826 3118 in
854 3055 1011 3138 judicium
1047 3074 1117 3119 esse
1140 3060 1279 3137 vocatos,
1302 3075 1377 3120 cum
1400 3058 1435 3119 in

311 3182 471 3246 secundae
495 3184 608 3246 aetatis
632 3180 766 3265 dialogis
788 3201 942 3265 personae
965 3201 1007 3246 ex
1030 3183 1163 3264 antiqua
1189 3180 1359 3246 Comoedia
1383 3182 1435 3246 vel

312 3328 330 3374 e
353 3307 521 3391 Menippea
544 3309 641 3372 satira
663 3308 746 3372 inter
770 3326 804 3372 se
829 3307 1117 3372 confabularentur.
