3328 5234
796 555 857 618 131

260 781 354 848 opera
384 763 574 848 composuit,
605 780 687 846 qnae
715 764 800 827 inter
829 764 939 827 omnia
969 763 1090 828 eximia
1125 781 1196 828 esse
1217 766 1304 848 puto,
1327 763 1384 829 sed

261 889 463 954 conviciandi
495 888 627 953 libidine
662 888 817 972 pellectus
851 908 1100 974 nonnumquam
1137 891 1237 955 nimis
1274 888 1387 955 acerbe

262 1016 413 1080 inimicos
436 1015 631 1100 perstrinxit

305 1140 350 1204 At
372 1145 522 1225 provecta
540 1143 607 1223 jam
631 1142 797 1205 senectute
820 1142 922 1204 animi
946 1140 1102 1206 libertatis
1127 1140 1246 1206 oblitus
1265 1139 1387 1205 Roma-

261 1285 378 1330 norum
409 1266 554 1330 adulator
576 1265 688 1349 factus,
711 1266 826 1330 deinde
848 1267 978 1350 ingenio
1004 1266 1195 1332 hebescente
1216 1267 1256 1331 ad
1278 1267 1386 1332 rheto-

259 1391 342 1455 ricas
366 1391 624 1475 declamationes,
648 1410 727 1475 quas
747 1393 878 1474 juvenis
904 1392 1057 1475 exercuit,
1080 1391 1226 1476 relapsus
1249 1395 1308 1456 est.

304 1515 338 1580 Si
361 1519 434 1600 quis
459 1522 567 1582 autem
593 1536 646 1583 me
668 1521 769 1602 roget,
793 1517 872 1602 quid
896 1517 936 1582 de
958 1516 1102 1582 Lucieno
1123 1504 1289 1602 censeam,
1309 1537 1385 1584 enm

260 1660 326 1705 non
350 1644 453 1728 magis
476 1646 603 1728 propter
626 1643 810 1728 aequalium
836 1644 1098 1727 superstitionem
1120 1644 1386 1710 etcrednlitatem

260 1768 366 1832 elusas
399 1787 498 1852 quam
528 1772 658 1853 propter
690 1768 830 1853 lepidam
854 1771 886 1832 et
910 1771 1081 1832 venustam
1106 1771 1209 1832 artem
1235 1769 1387 1833 narrandi

259 1894 340 1956 mihi
362 1895 585 1978 gratissimum
610 1913 680 1958 esse
703 1893 889 1978 respondeo.
913 1891 987 1957 Non
1012 1893 1241 1960 Alexandrum
1267 1894 1387 1978 solum,

260 2019 315 2084 sed
349 2019 451 2084 Venas
481 2019 650 2102 Historias,
681 2019 803 2084 librum
837 2020 876 2084 de
899 2019 1045 2084 Mercede
1069 2018 1252 2102 Conductis,
1276 2019 1386 2085 Philo-

195 2121 198 2128 ’
255 2145 403 2228 pseudes,
416 2143 619 2229 Conuiuium,
630 2144 781 2230 Dialogos
793 2145 998 2228 Meretricios,
1010 2145 1152 2209 Asinum
1166 2149 1199 2209 et
1210 2144 1382 2229 pulchram

257 2270 349 2334 illam
372 2268 499 2334 Somnii
522 2270 770 2354 descriptionem
794 2272 829 2334 in
855 2270 977 2335 deliciis
1000 2268 1113 2335 habeo.

300 2395 427 2461 Verum
462 2416 528 2461 non
562 2396 669 2461 solum
701 2397 759 2460 toti
788 2395 864 2460 libri
895 2415 932 2460 eo
960 2396 1092 2461 nomine
1121 2398 1198 2459 sunt
1220 2394 1386 2479 laudandi,

257 2524 356 2587 etiam
389 2523 424 2586 in
456 2523 622 2587 rhetoricis
657 2521 807 2606 operibus
841 2521 977 2586 fabellae
1013 2520 1115 2586 facete
1148 2526 1296 2586 narratae
1331 2522 1385 2586 hic

257 2648 324 2713 illic
347 2669 474 2733 sparsae
496 2650 714 2714 inveniuntur.
737 2647 869 2727 (Herm.
894 2649 922 2732 1,
946 2649 976 2711 2.
999 2646 1120 2729 Scytha
1133 2647 1163 2730 1,
1176 2649 1205 2731 2,
1218 2648 1247 2712 9.
1266 2647 1387 2712 Zeuxis

259 2775 377 2838 8-12.
406 2775 556 2840 Electren
587 2776 617 2857 2,
649 2775 678 2837 5.
700 2773 811 2839 Prom.
836 2775 872 2836 in
895 2773 956 2838 litt.
980 2773 1011 2838 4.
1037 2771 1187 2837 Galumn.
1213 2775 1309 2856 2-4,
1335 2774 1387 2858 16,

261 2881 312 2965 18.
348 2900 387 2964 de
415 2899 522 2965 Saltat.
554 2902 606 2984 63,
637 2901 689 2983 64,
719 2899 772 2984 66,
807 2899 859 2982 76,
886 2901 939 2982 83,
964 2900 1028 2982 84).
1051 2897 1218 2975 Quantum
1244 2898 1384 2983 denique

257 3025 421 3091 Lucianus
457 3045 552 3111 opera
582 3031 649 3092 arte
677 3027 761 3091 facta
792 3026 975 3092 describere
1006 3027 1146 3110 calleret,
1175 3027 1248 3112 loci,
1272 3027 1384 3111 quales

259 3157 336 3218 sunt
369 3152 488 3218 Zeuxis
521 3154 618 3232 4-6,
648 3155 814 3220 ostendere
848 3157 993 3239 possunt,
1027 3155 1082 3219 sed
1120 3155 1308 3238 praesentim
1347 3173 1385 3253 eo

258 3280 470 3364 cognoscitur,
501 3280 587 3363 quod
616 3278 798 3365 Rapbaelus
828 3279 940 3345 ltaliae
970 3279 1072 3344 decus
1105 3298 1180 3344 suas
1203 3278 1387 3344 Alexandri

258 3408 289 3469 et
322 3402 474 3469 Roxanes
504 3406 633 3489 nuptias
663 3405 703 3469 ad
726 3404 861 3470 Luciani
884 3404 1134 3489 descriptionem
1159 3402 1323 3486 (Herodot.
1349 3406 1385 3486 5)

260 3531 433 3596 delineavit
444 3529 479 3611 ¹).

291 3787 321 3854 1)
337 3788 389 3842 Cir.
406 3789 438 3840 R.
456 3789 566 3843 Fdrster.
582 3788 679 3842 Lucian
696 3790 725 3841 in
741 3790 787 3841 der
803 3789 983 3841 Renaissance.
1008 3803 1032 3854 p.
1052 3786 1094 3841 19.
