3328 5234
783 535 822 596 81

238 721 270 782 in
301 719 443 804 Dialogis
476 719 674 796 Meretricis,
702 719 848 801 Timone,
874 717 1013 802 Dialogis
1035 717 1180 782 Deorum
1208 723 1239 783 et
1265 718 1344 782 Mari

237 866 363 927 norum,
394 847 546 930 Parasito,
572 847 724 911 Viterum
751 846 909 909 Auctione
934 843 1083 908 Oomicos
1107 864 1176 909 esse
1201 850 1359 927 secutum,

238 973 296 1035 hac
318 974 512 1057 paragrapho
537 972 771 1036 demonstrasse
802 971 880 1034 mihi
904 970 1020 1034 videor.

281 1220 309 1283 6.
336 1217 382 1283 De
404 1219 543 1303 diulopa's,
567 1221 599 1283 ia
620 1219 732 1305 quibas
749 1218 870 1302 placito
895 1217 1064 1299 Menippea
1087 1238 1211 1283 cernere
1234 1217 1309 1284 licet.

285 1431 359 1496 Jam
391 1451 485 1515 saepe
513 1434 547 1494 in
575 1433 635 1495 hoc
667 1433 769 1514 capite
794 1430 981 1515 Menippum
1008 1429 1167 1511 Cynicum
1194 1431 1361 1494 nominavi

244 1562 275 1620 et
297 1561 407 1621 utrum
431 1556 594 1621 Lucianus
617 1577 865 1641 nonnumquam
891 1557 986 1620 illum
1008 1559 1170 1621 satiricum
1195 1578 1236 1621 an
1257 1556 1362 1620 (lomi-

245 1700 298 1744 cos
329 1684 474 1746 imitatus
504 1682 609 1764 fuerit,
633 1681 760 1746 difficile
784 1681 951 1763 diJ'udicari
975 1700 1067 1764 posse
1091 1681 1185 1744 modo
1211 1681 1363 1744 vidimus

245 1809 428 1892 Antequam
448 1810 547 1892 igitur
569 1808 760 1892 disputando
785 1825 892 1890 perg0,
915 1826 1015 1891 pauca
1039 1806 1078 1871 de
1098 1809 1163 1870 vita
1183 1825 1220 1871 ac
1234 1808 1361 1891 scriptis

246 1933 387 2018 Menippi
400 1936 423 2016 1)
449 1952 576 1997 narrare
600 1933 678 1995 mihi
701 1933 917 1997 necessarium
945 1933 1079 1997 videtur.

290 2057 459 2141 Menippus
490 2059 525 2121 in
556 2058 635 2122 urbe
666 2057 865 2122 Palaestinae
892 2058 1026 2122 Gadaris
1049 2065 1153 2141 natus,
1177 2061 1261 2122 vixit
1283 2062 1366 2123 circa

247 2203 366 2247 annum
394 2185 456 2248 300
481 2186 647 2268 usquead
672 2185 735 2248 240
760 2207 786 2249 a.
812 2184 865 2249 Ch.
890 2206 921 2249 n.
945 2186 1093 2250 Primum
1121 2205 1233 2251 servus
1252 2187 1367 2250 furtin

248 2309 359 2391 Ponto,
382 2310 497 2375 deinde
519 2313 553 2373 in
577 2311 708 2375 Graecia
733 2311 911 2375 libertatem
937 2313 1070 2396 adeptus
1096 2313 1204 2377 fenore
1222 2313 1367 2376 faciendo

251 2438 411 2500 maximas
442 2435 502 2500 sibi
525 2437 652 2500 divitias
677 2439 880 2521 comparavit,
905 2439 1035 2502 tandem
1063 2457 1163 2502 senex
1186 2438 1283 2502 rebus
1308 2439 1367 2501 hu·

251 2562 354 2625 manis
391 2562 570 2644 studiisque
601 2563 771 2626 hominum
797 2563 953 2647 despectis
977 2582 1087 2627 necem
1116 2563 1268 2647 sibiipsa
1293 2582 1367 2626 con-

251 2689 349 2750 scivit.
382 2687 574 2768 Cynicorum
601 2689 776 2752 doctrinam
803 2689 976 2772 professus,
1000 2691 1104 2753 varios
1128 2687 1365 2765 σπουδογελοίους

250 2809 346 2876 libros
380 2814 414 2874 in
448 2813 673 2878 celeberrimos
708 2813 923 2898 philosophos,
954 2804 987 2876 in
1020 2814 1095 2877 deos
1119 2833 1155 2877 ac
1179 2813 1363 2897 aequalium

251 2939 436 3022 religionem
468 2939 664 3023 popularem,
695 2946 856 3023 postremo
884 2942 917 3004 in
943 2941 1127 3003 divitiarum
1154 2945 1250 3024 atque
1272 2940 1371 3003 hono-

252 3085 323 3128 rum
353 3066 459 3129 studia
481 3068 677 3150 conscripsit.
701 3064 789 3141 Quae
811 3072 940 3149 propter
964 3085 1058 3149 opera
1081 3069 1207 3150 primus
1234 3066 1370 3130 Graeco-

254 3212 326 3255 rum
353 3193 499 3256 satiricus
523 3193 701 3276 appellatns
725 3198 780 3256 est.

295 3317 383 3381 Inter
413 3319 491 3381 alios
516 3320 701 3401 praesertim
724 3317 904 3382 Varronem
935 3323 965 3382 et
988 3316 1168 3414 Lucianpm
1194 3319 1370 3382 imitatores

254 3449 443 3508 consecutus
468 3449 524 3525 est,
548 3464 685 3528 quorum
713 3446 799 3527 prior
817 3444 871 3507 ille
891 3465 950 3508 sua
971 3463 1075 3527 opera,
1096 3444 1135 3506 ab
1155 3443 1225 3508 aliis
1238 3442 1374 3523 Cynicas

255 3571 373 3635 Satires
395 3575 586 3654 nominatas,
608 3574 676 3655 ipse
703 3570 928 3655 „Menippeas”
951 3570 1034 3634 dixit
1056 3570 1191 3649 (Gellius
1210 3570 1251 3634 Π.
1271 3571 1320 3634 18.
1336 3571 1376 3651 7),

256 3699 306 3760 hic
328 3699 362 3760 in
385 3697 442 3761 Bis
465 3698 625 3761 Accusato
650 3699 715 3778 (33)
740 3703 771 3761 et
793 3699 827 3762 in
852 3696 1015 3762 Piscatore
1039 3696 1103 3777 (26)
1128 3715 1161 3760 se
1185 3696 1373 3780 Menippum

256 3825 290 3887 in
323 3823 426 3887 forma
458 3825 608 3887 litteraria
640 3829 671 3888 et
700 3825 736 3887 in
756 3825 838 3906 jocis
864 3830 975 3887 contra
998 3823 1149 3905 antiquos
1172 3821 1377 3906 philosophos

257 3955 404 4014 secutum
429 3968 498 4014 esse
520 3949 646 4013 fatetur.

292 4305 319 4374 l)
336 4309 381 4358 cir.
400 4307 550 4359 Wildenow.
569 4307 604 4358 De
624 4307 741 4372 Menippo
758 4306 862 4374 Cynico.
883 4308 955 4359 Helle
973 4306 1048 4358 1881.
