3328 5234
808 582 857 643 85⁴

273 793 323 854 via
356 792 433 857 haec
468 792 678 874 discrepantia
710 793 744 854 in
777 798 922 856 nostrum
955 793 1116 877 dialogum
1149 795 1294 879 irrepsit,
1316 797 1383 878 jam

274 937 368 1001 supra
391 919 424 980 in
447 919 545 982 huius
568 919 679 1001 capitis
702 919 898 1002 paragrapho
923 921 1013 982 tertia
1037 919 1137 984 obiter
1160 921 1300 984 indicavi
1323 919 1387 985 Lu-

273 1044 411 1126 cianum,
443 1064 517 1107 cum
541 1046 574 1106 in
602 1043 762 1108 Piscatore
786 1063 819 1108 se
842 1044 1074 1128 philosophiam
1099 1064 1225 1128 semper
1248 1046 1386 1110 coluisse

273 1169 395 1250 diceret,
429 1172 461 1232 iu
492 1168 641 1233 Vitarum
666 1170 870 1250 Auctionem,
896 1170 952 1253 qui
975 1169 1121 1253 dialogus
1145 1171 1384 1235 evidentissime

273 1313 346 1357 cum
368 1294 432 1358 illis
457 1294 563 1358 verbis
582 1294 787 1378 repugnabat,
801 1296 973 1359 sententias
986 1297 1169 1377 inseruisse,
1184 1315 1265 1378 quae
1277 1299 1384 1379 aperto

270 1440 288 1482 a
309 1419 384 1483 libri
406 1419 535 1482 consilio
560 1419 779 1484 abhorrebant.
807 1419 903 1484 Nunc
925 1420 1004 1482 mihi
1017 1419 1097 1484 levis
1110 1419 1263 1484 dubitatio
1276 1422 1387 1503 oritur,

270 1553 380 1610 utrum
403 1545 627 1610 Hermotimus
652 1565 781 1629 quoque
802 1545 910 1610 eadem
933 1545 1046 1627 forma,
1066 1566 1129 1629 qua
1141 1548 1284 1630 primum
1298 1566 1386 1610 com-

269 1673 392 1755 positus
417 1678 473 1753 est,
497 1671 536 1735 ad
559 1691 618 1735 nos
641 1672 828 1755 pervenerit,
852 1690 891 1733 an
916 1676 1025 1754 postea
1043 1669 1207 1736 Lucienus
1227 1673 1382 1755 quasdam

268 1802 372 1882 partes
405 1798 576 1861 mutaverit
608 1801 639 1860 et
662 1795 827 1878 addiderit,
852 1816 933 1880 quae
959 1797 1073 1862 melius
1099 1817 1173 1861 cum
1195 1798 1325 1880 judiciis
1348 1800 1382 1862 in

268 1923 428 1988 Piscatorc
459 1922 588 2007 prolatis
621 1927 840 2006 congruerent.
869 1921 1014 1987 Fortasse
1038 1922 1113 1986 huic
1137 1923 1295 1987 secundae
1319 1923 1383 1987 edi-

268 2051 345 2113 tioni
380 2049 535 2113 debemus
567 2048 664 2113 verba
694 2047 751 2125 ἐγὼ
786 2046 844 2127 γὰρ
868 2048 927 2126 οὐχ
950 2049 987 2119 ὡς
1011 2048 1041 2112 οὐ
1064 2046 1278 2128 praeceperim
1301 2047 1385 2129 φημί

268 2175 387 2258 (Herm.
422 2176 483 2256 52),
518 2196 582 2259 quo
618 2175 746 2256 accedit,
783 2179 817 2238 ut
851 2175 1112 2258 philosophorum
1154 2177 1243 2259 pravi
1279 2195 1383 2240 mores

268 2303 385 2382 (8-13
410 2307 440 2365 et
464 2301 605 2382 80-83)
630 2320 667 2365 eo
689 2301 783 2365 modo
808 2305 986 2384 carpantur,
1011 2322 1075 2384 quo
1099 2300 1382 2386 Lucianuspostea

269 2431 301 2491 in
334 2427 487 2491 Convivio
518 2427 621 2492 facere
654 2426 790 2508 solebat;
821 2429 897 2510 quia
921 2433 1028 2492 tammr
1054 2433 1171 2492 certam
1198 2430 1379 2512 opinionem

268 2555 305 2620 dc
339 2554 544 2619 Hermotimo
580 2555 719 2639 proferre
753 2574 817 2618 non
852 2574 996 2638 possum,
1030 2556 1136 2639 potius
1168 2555 1208 2618 ad
1231 2555 1380 2620 Vitarum

266 2681 457 2746 Auctionem
483 2679 637 2763 transibo,
660 2680 716 2744 ubl
741 2679 940 2744 manifestius
963 2680 1119 2745 indicium
1146 2682 1381 2746 immutationis

270 2807 446 2891 repperisse
470 2806 550 2870 mihi
574 2807 694 2870 videor.

310 2931 396 3008 Quid
419 2933 598 3016 argumenti
624 2933 657 2995 in
682 2933 741 2995 hoc
765 2931 846 2995 libro
869 2932 1056 2996 invenitur?

310 3059 524 3143 Pythagoram
558 3059 677 3141 (1-7),
711 3056 887 3142 Diogenem
915 3059 1054 3138 (7-12),
1078 3058 1280 3142 Aristippum
1305 3060 1381 3140 (12),

266 3186 467 3252 Heraclitum
493 3193 525 3251 et
548 3185 771 3250 Democritum
799 3187 961 3268 (13-15),
981 3184 1142 3250 Socratem
1164 3192 1195 3249 et
1214 3185 1378 3249 Platonem

267 3313 430 3394 (15-19),
453 3311 631 3396 Epicurum
657 3313 731 3394 (19),
756 3311 970 3395 Chrysippum
996 3311 1160 3393 (20-26),
1179 3315 1377 3393 postremum

266 3439 507 3522 peripateticum
535 3438 694 3522 quendam
721 3438 785 3519 (26)
809 3443 974 3521 tamquam
998 3439 1072 3500 vilia
1093 3438 1252 3521 mancipia
1269 3437 1379 3500 venire

265 3565 424 3628 audimus.
455 3562 525 3639 Quo
549 3563 680 3626 nomine
704 3582 778 3646 ergo
803 3564 964 3647 dialogum
989 3565 1174 3645 indicasses,
1197 3564 1225 3627 si
1248 3568 1293 3645 tu,
1316 3562 1379 3626 lec-

265 3694 321 3771 tor,
357 3708 436 3772 opus
473 3687 678 3772 scripsisses?
711 3687 783 3752 Non
816 3687 934 3770 dubito,
967 3691 1045 3772 quin
1077 3685 1246 3767 Φιλοσόφων
1276 3691 1379 3767 πρᾶσιν

263 3807 464 3895 haberemus,
495 3817 578 3878 sicut
602 3812 800 3898 Hermippus
825 3816 969 3878 comicus
995 3811 1147 3891 Διογένους
1170 3814 1273 3892 πρᾶσιν
1296 3812 1379 3895 fecit,

264 3942 307 4004 ita
338 3945 374 4004 ut
404 3940 611 4022 Bernaysius,
642 3959 717 4003 cum
743 3940 781 4003 de
804 3943 913 4002 nostro
939 3939 1063 4023 dialogo
1087 3939 1281 4022 loqueretur,
1304 3957 1377 4002 eum

268 4053 337 4148 „did
366 4064 866 4151 Philosophen-Verstcigeruug’'
889 4070 973 4129 recte
997 4065 1176 4129 nominarit.
1200 4063 1380 4128 Mercurius

263 4198 381 4276 tamen,
416 4196 540 4276 quoties
567 4193 793 4278 philosophum
820 4193 959 4274 aliquem
986 4192 1122 4256 vendere
1145 4191 1286 4275 fingitur,
1312 4210 1375 4254 non

262 4321 363 4404 ipsius
387 4339 513 4404 nomen,
538 4320 593 4386 sed
619 4317 721 4401 „illoc”
741 4319 912 4401 renuntiat,
926 4320 967 4401 (1,
981 4320 1010 4401 2,
1025 4318 1118 4402 7,12,
1133 4318 1182 4400 13,
1196 4318 1246 4400 15,
1259 4318 1310 4401 20,
1324 4317 1376 4398 27)
