3328 5234
784 546 846 608 119

248 755 355 838 ῥάβδον
385 754 544 836 διαπαίζοι.
576 757 618 820 Π.
651 759 694 820 43
725 756 765 828 εἷς
795 755 909 820 Μοισέα
932 755 983 820 καὶ
1007 755 1060 829 τὴν
1084 755 1196 838 ἕονθοαν
1222 755 1374 821 θάλατταν

248 881 432 947 ἀποτείνεται
455 885 555 946 ταῦτα
579 884 647 965 etc.)

289 1007 482 1072 Testimonia
507 1026 646 1092 quoque,
668 1027 685 1072 e
710 988 827 1092 quibus
851 1009 987 1091 optimos
1011 1009 1180 1092 gentilium
1206 1014 1372 1093 poetarum

248 1131 458 1196 Christianam
491 1134 657 1196 veritatem
690 1135 782 1216 quasi
814 1152 870 1216 per
894 1133 1064 1217 caliginem
1087 1136 1290 1218 perspexisse
1314 1141 1370 1200 aut

247 1259 421 1322 sententias
451 1258 591 1322 esacris
614 1257 704 1321 libris
728 1259 932 1341 surripuisse,
956 1263 1065 1341 patere
1089 1260 1260 1343 videretur,
1285 1263 1373 1324 omni

247 1382 359 1446 ardore
383 1382 531 1465 colligere
555 1381 734 1446 studebant.
759 1381 844 1458 Quid
867 1383 958 1447 vobis
979 1385 1013 1447 in
1026 1387 1211 1449 memoriam
1224 1405 1370 1453 revocem

248 1507 465 1591 Vergilianum
499 1507 660 1591 Eologam,
694 1526 777 1591 quae
813 1507 929 1572 Christi
952 1510 1075 1574 natales
1099 1510 1257 1577 celebrare
1280 1518 1372 1596 puta-

248 1633 349 1717 batur,
380 1633 459 1717 quid
483 1634 585 1697 dicam
609 1634 648 1697 de
672 1635 847 1710 sententiis,
872 1653 954 1717 quae
977 1635 1063 1717 apud
1087 1634 1240 1700 Senecam
1266 1636 1372 1704 Chris-

249 1762 366 1824 tianam
387 1761 543 1844 originem
555 1759 688 1843 prodere
700 1758 917 1823 videbantur?
930 1761 1019 1823 Audi
1032 1761 1125 1824 modo
1140 1760 1373 1828 Tertullianum

248 1887 351 1970 (Apol.
382 1887 436 1968 47)
467 1885 662 1949 confidenter
692 1888 875 1968 rogantem:
904 1883 1004 1967 ,Quis
1029 1891 1076 1950 est
1099 1892 1274 1971 poetarum,
1300 1891 1373 1974 quis

249 2014 472 2096 sophistarum,
507 2013 563 2095 qui
593 2031 660 2075 non
691 2013 822 2075 omnino
850 2012 894 2076 de
926 2013 1152 2096 prophetarum
1176 2013 1262 2079 fonte
1285 2021 1374 2100 pota-

250 2139 354 2202 verit?
378 2138 459 2202 lnde
483 2156 611 2222 quoque
634 2136 814 2220 philosophi
837 2139 923 2201 sitim
948 2139 1068 2221 ingenii
1093 2140 1373 2224 suirigaverunt.’'

296 2260 345 2327 De
369 2283 433 2347 qua
456 2264 685 2326 sententiarum
707 2261 951 2345 similitudine1)
974 2263 1068 2327 hodie
1079 2264 1171 2328 aliter
1178 2265 1373 2349 judicamus,

251 2389 306 2453 sed
331 2408 371 2454 ne
395 2389 549 2473 quaedam
574 2388 708 2471 vestigia
731 2388 857 2470 antiqui
877 2388 992 2451 erroris
1009 2391 1373 2474 remanserint,magno·

250 2533 324 2598 pere
347 2533 465 2579 vereor.
489 2513 691 2577 Schwarzius
715 2531 781 2575 non
805 2513 893 2576 solus
918 2517 974 2594 est,
999 2515 1055 2596 qui
1079 2533 1154 2579 oum
1179 2514 1373 2598 Cynicorum

250 2640 364 2724 placita
406 2659 480 2702 oum
522 2636 701 2702 Christiana
741 2637 804 2702 fide
843 2656 1019 2721 congruere
1052 2639 1183 2724 videret,
1217 2643 1373 2725 originem

251 2764 462 2829 Christianam
488 2762 733 2846 deprehendisse
758 2762 818 2826 sibi
842 2764 932 2827 visus
956 2766 1005 2827 sit.
1029 2763 1091 2828 Sed
1118 2768 1174 2849 qui
1194 2786 1231 2830 ea
1251 2770 1374 2834 ratione

249 2892 381 2975 profana
405 2892 521 2973 scripta
545 2888 733 2952 Christianis
757 2890 920 2954 vindicare
943 2894 1109 2973 conantur,
1128 2910 1229 2974 paene
1249 2911 1374 2976 semper

250 3037 351 3102 pauca
380 3016 478 3081 verba
508 3016 691 3099 neglegunt,
721 3035 804 3099 quae
826 3036 844 3080 a
867 3015 1120 3081 Christianorum
1142 3019 1296 3103 religione
1318 3021 1373 3085 ab·

251 3146 391 3227 horrent,
425 3148 457 3208 et
485 3163 504 3206 a
533 3145 668 3227 paganis
700 3143 776 3207 solis
808 3144 871 3207 dici
893 3148 1048 3227 poterant.
1071 3143 1171 3210 Velut
1194 3144 1374 3230 Demonax,

251 3291 324 3335 cum
355 3270 498 3334 infelices
530 3270 683 3334 mortales
712 3271 932 3334 consolaretur
963 3270 1072 3334 dicens
1103 3268 1146 3334 ὅτι
1170 3270 1250 3348 μετα
1273 3273 1373 3353 μικρὸν

250 3396 351 3468 αὐτοῖς
375 3393 520 3458 παύσεται
543 3395 599 3471 μὲν
623 3392 663 3457 τοι
686 3393 822 3468 οὶνιιῖιντα,
847 3396 919 3469 λήθη
945 3393 976 3459 δέ
998 3418 1042 3467 τις
1066 3395 1254 3472 ἀγαθῶνκαὶ
1277 3401 1374 3461 κακῶν

194 3515 196 3518 ’
249 3520 301 3587 καὶ
325 3519 466 3602 ἐλευθερία
489 3519 591 3598 μακροὶ
615 3517 733 3592 πάντας
758 3520 786 3584 ἐν
810 3521 897 3602 ὀλίγῳ
922 3523 1133 3602 καταλήψεται
1158 3525 1223 3607 (18)
1249 3544 1373 3590 merum

250 3647 417 3730 Cynicum,
444 3665 508 3709 non
532 3644 749 3710 Christianum
773 3649 848 3731 agit,
873 3649 949 3731 quia
973 3648 1049 3712 haec
1073 3647 1169 3712 verba
1193 3650 1333 3732 graviter
1355 3671 1373 3714 a

282 4041 307 4104 l)
325 4041 460 4101 Quantum
485 4040 579 4106 Cynica
596 4040 672 4090 verba
690 4041 823 4091 interdum
841 4055 902 4092 cum
919 4040 1072 4091 Christianis
1089 4041 1246 4106 conspirent,
1261 4041 1374 4093 testatur

250 4135 321 4200 Diog.
345 4134 430 4184 Laert.
459 4133 498 4183 VI.
525 4131 554 4181 6:
582 4132 750 4182 Antisthenes
775 4131 940 4197 ὀνειδιζόμενος
967 4129 1007 4180 tal
1032 4137 1066 4194 τῷ
1085 4134 1188 4192 πονηροῖς
1206 4131 1369 4192 ονγγενέτθοιι

250 4224 306 4287 'ion‘
324 4224 366 4276 καὶ
383 4225 407 4272 οἱ
421 4224 494 4284 largo)
511 4226 640 4285 μετὰτῶν
659 4221 786 4271 νοσούντων
805 4223 870 4280 εἰσιν,
889 4223 947 4272 ἀλλ’
967 4223 993 4271 οιἰ
1012 4222 1173 4283 πυρέττουσιν,
1188 4239 1302 4288 quocum
1311 4239 1373 4274 con·

251 4318 313 4369 tulit
331 4316 432 4380 primus
450 4316 523 4380 Hugo
542 4315 646 4365 Grotius
666 4315 757 4366 Matth.
775 4315 819 4379 IX,
837 4314 867 4364 ll
886 4319 912 4365 et
932 4313 971 4364 lu.
