3310 5242
873 615 894 675 4

319 843 353 889 se
387 829 490 888 totum
526 823 673 907 operibus
709 822 843 888 Luoiani
877 821 979 886 dabat.
1016 821 1156 904 (Goethe.
1190 823 1261 886 Aus
1299 823 1436 886 meinem

320 949 435 1045 Labeo,
466 948 491 1032 Ι,
523 952 561 1011 4:
597 949 670 1031 „ein
702 949 775 1013 sehr
806 947 1032 1012 durehleseuer
1055 946 1178 1011 Luoian
1199 947 1273 1012 kam
1296 949 1348 1012 nie
1373 965 1436 1010 von

322 1076 427 1140 seiner
451 1073 578 1156 Seite.’')

363 1200 450 1265 Inter
474 1200 613 1265 Batavos
638 1199 904 1275 Hemsterhusius
925 1199 1097 1263 exclamat:
1126 1199 1338 1290 „adnostram
1353 1201 1437 1261 oerte

320 1332 452 1392 aetatem
487 1327 614 1391 nullum
647 1327 791 1410 parvenit
823 1327 982 1410 ingeniosi
1015 1325 1152 1388 hominis
1185 1327 1438 1405 monumentum,

320 1452 407 1534 quod
436 1471 510 1516 eum
542 1451 677 1515 Luoiaui
709 1451 843 1535 dialogis
874 1451 975 1535 possit
1008 1448 1214 1533 comparari.''
1239 1449 1374 1532 (Prolog.
1399 1448 1439 1512 ad

322 1575 402 1642 Dial.
426 1577 539 1659 Morti

364 1704 430 1766 Alii
463 1704 524 1766 viri
556 1702 648 1786 docti,
680 1707 717 1765 ut
746 1700 926 1765 Lueianum
959 1701 1093 1783 eiusque
1124 1701 1290 1784 ingeniosa
1322 1701 1439 1783 scripta

320 1827 468 1912 pluribus
502 1825 675 1892 lectoribus
710 1828 878 1909 aperirent,
907 1825 941 1888 id
975 1832 1117 1909 egerunt,
1152 1830 1188 1889 ut
1223 1827 1330 1889 omnia
1367 1827 1437 1890 eius

324 1972 419 2037 opera
454 1958 663 2035 verterentur,
698 1973 835 2035 quarum
871 1953 1054 2016 versionum
1089 1951 1180 2016 facile
1211 1954 1358 2037 princeps
1389 1957 1438 2017 est

320 2080 462 2164 putanda
484 2080 539 2143 illa
562 2079 730 2161 Germana,
750 2097 832 2163 quae
853 2099 871 2142 a
892 2079 959 2142 viro
979 2078 1016 2141 ol.
1036 2077 1217 2142 Wielandio
1229 2077 1438 2162 profectaest.

325 2351 354 2413 2.
383 2347 433 2414 De
462 2349 573 2414 stadiis
601 2348 834 2434 philologorana,
860 2351 916 2435 qai
948 2370 1074 2434 operum
1096 2349 1323 2442 chronologiam
1347 2370 1436 2434 eapo-

409 2475 534 2557 aa'turoa‚
558 2473 756 2556 Luoionique
778 2475 936 2557 inueniam
959 2494 991 2538 se
1012 2473 1252 2539 adumbraturoa
1274 2493 1338 2538 ease

756 2600 895 2683 professi
913 2607 999 2666 sunt.

364 2802 448 2866 Ante
472 2803 550 2866 alios
575 2787 693 2884 omnen,
718 2801 774 2885 qui
794 2802 827 2862 in
848 2799 1103 2884 cognoscendum
1124 2798 1255 2863 Luoiani
1271 2800 1435 2884 ingenium

318 2929 424 2993 studia
444 2930 658 3014 contulerunt,
679 2928 894 2992 nominandus
915 2932 962 2991 est
981 2925 1131 2990 Matthias
1151 2925 1312 2990 Gasnerus
1321 2928 1355 3010 1),
1375 2928 1435 3010 qui

319 3075 403 3118 anno
428 3057 513 3119 1715
538 3057 759 3120 dissertatione
783 3056 822 3120 de
845 3059 946 3118 aetate
970 3059 1000 3118 et
1023 3053 1187 3117 authentia
1209 3053 1435 3137 Philopatridis

318 3185 382 3244 tam
413 3187 559 3246 aeourate
591 3183 699 3246 omnia
729 3185 917 3265 argumenta
941 3179 1071 3244 eolleota
1096 3180 1281 3262 aestimavit,
1305 3184 1340 3244 ut
1364 3181 1435 3262 post

317 3325 392 3370 eum
416 3327 510 3373 nemo
530 3307 725 3372 Lucianeam
744 3308 832 3371 illius
851 3306 925 3370 libri
948 3307 1102 3391 originem
1116 3305 1282 3370 defendere
1295 3307 1433 3370 auderet.

316 3434 361 3497 At
396 3433 453 3511 ala
482 3434 607 3514 χελιδὼν
638 3432 686 3515 ἔαρ
720 3435 750 3498 οὐ
776 3440 855 3516 ποιεῖ,
886 3453 944 3518 por
970 3439 1072 3497 lotum
1104 3434 1248 3498 seculum
1273 3433 1432 3498 decimum

317 3568 465 3627 oetavum
487 3563 576 3626 nulla
599 3562 661 3626 alia
684 3562 916 3643 commentatio
941 3567 977 3624 ut
998 3559 1160 3624 Lucianus
1184 3560 1298 3624 melius
1311 3560 1432 3624 intelle·

314 3693 443 3771 geretur
465 3689 590 3772 scripta,
612 3688 757 3772 indagari
782 3691 895 3770 potest,
919 3687 1027 3769 itaque
1052 3691 1159 3750 nostro
1183 3705 1260 3750 aevo
1287 3687 1431 3750 relictum

314 3813 386 3896 fuit,
410 3818 453 3898 ut,
477 3834 540 3898 quo
565 3815 685 3878 honore
704 3812 868 3877 Luoianns
887 3814 922 3875 in
944 3811 1137 3876 Graecorum
1149 3812 1337 3896 scriptorum
1352 3812 1434 3876 serio

315 3938 433 4023 dignus
454 3944 545 4022 esset,
565 3941 652 4022 justa
676 3939 827 4023 suffragia
850 3937 1020 4002 ferrentur.

359 4063 599 4141 Quodammodo
646 4085 720 4129 cum
762 4063 1022 4149 praecedentium
1070 4062 1252 4127 seculorum
1294 4062 1429 4127 lanciani

318 4255 463 4266 *-

350 4371 377 4438 1)
396 4372 446 4425 Cir.
463 4374 539 4425 index
555 4374 681 4426 librorum
698 4374 726 4424 in
743 4372 795 4424 line
812 4373 871 4424 diss.
