3310 5242
825 603 868 666 24

297 815 425 880 tharum
459 815 571 898 petitas
604 813 728 878 fabulas
762 815 807 878 ita
840 816 989 898 narravit,
1022 819 1058 880 ut
1092 814 1189 880 verba
1223 815 1341 900 optime
1372 811 1412 877 ad

298 943 471 1026 utriusque
500 943 638 1006 nationis
669 961 773 1006 moras
805 941 1040 1005 accommodata
1069 960 1137 1006 esse
1159 939 1336 1006 videantur.
1358 939 1412 1002 In·

298 1070 422 1152 spicias,
457 1069 564 1151 lector,
597 1067 738 1131 fabulam
770 1069 918 1131 eroticam
945 1067 1031 1149 (Tor.
1058 1069 1209 1150 13-17),
1233 1067 1289 1131 ubi
1311 1067 1414 1131 malae

297 1193 464 1257 cuiusdam
500 1193 611 1256 uxoris
645 1196 727 1256 artes
762 1191 995 1275 describuntur,
1026 1212 1109 1276 quae
1140 1193 1267 1256 conscio
1299 1193 1413 1255 marito

271 1318 411 1381 ,divites
442 1319 578 1400 juvenes
613 1316 653 1379 ad
687 1317 817 1381 domum
852 1337 942 1382 auam
973 1318 1098 1382 allicere
1129 1317 1260 1400 solebat,
1289 1322 1320 1382 et
1350 1318 1415 1381 nisi

297 1449 381 1508 certo
416 1445 513 1508 scires
546 1446 577 1507 te
610 1431 795 1507 [lucianum
824 1445 859 1507 in
891 1442 1038 1508 manibus
1070 1448 1188 1526 tenere,
1218 1442 1364 1508 fabellam
1395 1463 1415 1506 a

297 1569 450 1634 Boccacio
474 1573 631 1634 narratam
654 1575 685 1634 te
708 1569 812 1653 legere
835 1574 947 1652 putare
970 1589 1088 1653 posses.
1113 1569 1226 1653 Neque
1246 1570 1280 1633 in
1299 1568 1415 1633 Roma-

297 1715 413 1758 norum
454 1695 666 1778 sophistarum
703 1693 985 1758 declamationibus
1022 1693 1138 1759 desunt
1171 1693 1299 1758 fabulae
1333 1671 1416 1778 duae

299 1820 430 1885 eandem
462 1823 611 1884 eroticam
635 1825 781 1883 naturam
805 1821 944 1904 spirant,
968 1820 1215 1885 Friedltinderus
1240 1819 1280 1904 (S.
1296 1819 1331 1884 G.
1356 1820 1417 1903 III,

301 1947 375 2029 370)
408 1947 546 2042 exempli
576 1948 677 2030 gratia
702 1948 855 2030 quasdam
879 1947 1013 2032 fabulas,
1039 1949 1178 2031 quaein
1205 1946 1329 2029 „Gestis
1353 1945 1416 2010 Ro-

301 2071 490 2136 manorum⁷⁷
525 2073 595 2150 (ie.
632 2090 745 2155 corpus
780 2071 966 2136 fabellarum
1000 2073 1172 2136 latinarum
1204 2073 1307 2136 medio
1338 2090 1416 2136 aevo

301 2200 523 2283 compositum)
553 2199 715 2281 leguntur,
746 2200 898 2283 originem
923 2200 1057 2263 duxisse
1081 2219 1099 2263 a
1122 2197 1260 2263 Senecae
1284 2197 1418 2262 rhetoris

303 2325 529 2388 controversiis
553 2325 697 2388 ostendit.
720 2323 844 2390 Deinde
867 2325 907 2389 ad
929 2326 1014 2390 idem
1033 2345 1137 2409 genus
1148 2325 1330 2390 referendae
1342 2328 1419 2388 sunt

305 2451 576 2534 Metamorphoses
598 2452 716 2535 Apulei
740 2458 771 2516 et
793 2441 916 2516 Asinus
938 2450 1128 2535 Lucianeus,
1152 2452 1190 2517 de
1215 2451 1332 2536 quibus
1346 2470 1418 2536 ope-

303 2577 393 2641 ribus
416 2583 525 2661 postea
549 2577 711 2641 disseram.

345 2703 389 2767 Ut
419 2704 540 2786 paucis,
571 2703 649 2786 quid
680 2704 718 2768 de
742 2705 892 2788 sophistis
917 2723 1092 2787 eorumque
1114 2703 1230 2768 studiis
1254 2703 1333 2767 mihi
1356 2707 1418 2767 sta-

301 2829 457 2892 tuendum
479 2829 634 2912 videatur,
658 2831 857 2914 complectar,
881 2849 994 2894 censeo
1007 2849 1060 2894 eos
1073 2831 1174 2914 magis
1187 2831 1419 2913 vituperatione

302 2975 398 3039 quam
421 2955 515 3018 laude
540 2974 609 3019 esse
632 2955 764 3040 dignos,
790 2975 862 3019 nam
888 2955 968 3019 nihil
986 2955 1144 3020 faciebant
1164 2955 1418 3039 quamexempla

303 3081 508 3162 antiquorum
532 3080 691 3144 serviliter
712 3081 931 3164 imitabantur,
953 3087 984 3146 et
1007 3101 1081 3145 cum
1104 3081 1244 3145 tabulam
1270 3084 1419 3146 eroticam

303 3225 398 3289 prosa
430 3208 572 3271 oratione
596 3227 725 3271 narrare
748 3209 933 3291 coepissent,
956 3209 989 3270 in
1012 3209 1127 3291 primis
1150 3209 1247 3273 huius
1270 3211 1347 3272 novi
1368 3211 1419 3273 iti-

303 3333 389 3396 neris
425 3331 642 3396 subsistebant
676 3334 793 3412 initiis3
824 3352 860 3396 ea
891 3339 996 3397 tamen
1031 3335 1118 3416 vitia,
1144 3334 1262 3418 quibus
1288 3334 1420 3398 obnoxii

304 3456 504 3541 videbantur,
539 3477 605 3521 non
639 3461 747 3542 potius
780 3460 858 3542 ipsis
893 3458 1061 3523 tribuenda
1085 3479 1155 3524 esse
1179 3462 1301 3545 opinor,
1323 3481 1418 3545 quam

304 3583 509 3668 temporibus,
544 3603 618 3647 cum
650 3604 760 3650 omnes
796 3584 988 3650 Graecorum
1013 3592 1095 3651 artes
1119 3592 1287 3672 totumque
1309 3607 1419 3652 eorum

306 3710 474 3793 ingenium
500 3728 692 3775 marcescere
716 3716 747 3775 et
768 3711 898 3780 interire
922 3712 1107 3794 coepissent.

369 3985 397 4046 2.
421 3981 471 4047 De
496 3982 632 4047 [sudant
654 3983 795 4064 operibus
816 3982 977 4048 rhetoricis
998 3985 1217 4050 annotationes
1239 3986 1354 4050 cariae.

350 4193 446 4258 Nunc
480 4195 518 4258 ad
549 4195 682 4260 Luciani
716 4201 814 4261 artem
844 4197 1030 4262 rhetoricam
1060 4201 1268 4281 transeamus,
1290 4200 1421 4264 investi-

305 4325 426 4407 gantes,
461 4321 581 4404 quibus
617 4322 897 4388 exercitationibus
926 4325 1092 4409 ingenium
1124 4345 1220 4390 suum
1244 4325 1421 4391 excoluerit
