3310 5242
775 597 894 659 ·1o

358 805 451 882 Quod
481 811 586 871 autem
610 807 751 872 Lucieno
776 828 849 872 oum
873 809 1067 872 comicorum
1091 807 1278 892 fragmentis
1302 829 1426 894 eompa-

312 935 390 1014 rato,
413 953 476 1016 quo
500 935 633 1017 scriptor
655 935 770 998 melius
790 934 937 1017 cognosci
956 935 1064 1016 possit,
1083 934 1426 1019 inveni,nunopaueis

312 1058 479 1122 vobiscum
502 1060 752 1124 communicabo.

352 1184 391 1247 ln
415 1185 573 1269 operibus,
594 1205 675 1270 quae
695 1187 838 1250 omnium
860 1205 1019 1250 consensu
1039 1184 1195 1250 rhetorica
1209 1187 1425 1272 nominantur,

312 1311 432 1375 nullam
469 1332 534 1376 uno
563 1312 696 1378 fortasse
726 1315 761 1375 in
793 1311 949 1376 Taxaride
972 1312 1042 1375 loco
1066 1315 1208 1395 excepto,
1233 1315 1426 1377 comicorum

310 1441 521 1503 imitationem
546 1440 690 1524 detegere
712 1440 810 1524 potui.

355 1565 469 1649 Neque
497 1566 654 1649 inlibris,
678 1585 759 1650 quos
781 1568 850 1648 ipse
874 1583 981 1629 senem
1006 1583 1040 1628 se
1063 1566 1280 1648 composuisse
1302 1565 1429 1650 fatetur,

310 1691 413 1754 ullum
438 1692 594 1755 eiusmodi
616 1693 787 1776 vestigium
811 1692 962 1774 apparuit.

353 1815 433 1881 Item
467 1819 501 1880 in
537 1820 651 1901 satiris,
685 1820 720 1881 in
756 1818 872 1902 quibus
907 1821 984 1882 certi
1017 1819 1162 1882 homines
1186 1824 1243 1883 aut
1271 1817 1426 1902 quaedam

311 1943 497 2026 aequalium
522 1946 598 2008 vitia
621 1947 889 2028 perstringuntur,
909 1946 1061 2007 oomicam
1082 1944 1250 2008 dictionem
1266 1965 1425 2028 nusquam

310 2072 373 2134 nisi
403 2090 475 2134 raro
498 2072 616 2134 inveni.
639 2071 714 2134 Tres
738 2071 855 2154 dialogi
878 2075 983 2134 tamen
1008 2070 1156 2153 Fugitivi,
1180 2069 1371 2134 Conuiuium
1395 2075 1426 2135 et

310 2194 540 2280 Philopseudes
574 2203 649 2260 sunt
679 2197 867 2279 excipiendi,
898 2197 954 2278 qui
979 2196 1054 2259 licet
1075 2197 1108 2258 in
1133 2214 1266 2260 coaevos
1289 2197 1426 2280 philoso-

309 2321 389 2404 phos
414 2323 521 2405 scripti
546 2323 618 2403 sint,
641 2323 831 2386 comicorum
856 2326 964 2385 tamen
983 2320 1122 2384 indolem
1136 2322 1425 2405 spirarevidentnr.

353 2447 527 2512 Restabant
561 2448 742 2531 quindecim
777 2448 842 2512 fere
876 2448 1002 2531 dialogi,
1037 2467 1173 2531 quorum
1200 2455 1424 2532 argumentum

308 2573 471 2638 Lucienus
506 2593 523 2638 e
554 2546 714 2639 comoedia
744 2579 909 2653 mutuatus
940 2579 996 2656 est,
1026 2577 1082 2636 aut
1112 2593 1249 2656 quorum
1285 2574 1424 2638 indolem

308 2699 441 2764 floribus
477 2721 518 2765 ex
553 2702 643 2765 horto
680 2699 879 2765 Comioorum
915 2701 1031 2782 carptis
1064 2699 1245 2762 hilariorem
1281 2699 1425 2763 reddidit.

311 2824 438 2901 Quibus
473 2829 507 2890 in
542 2827 631 2890 libris
664 2847 730 2891 non
765 2827 898 2891 Luciani
932 2825 1080 2908 aequales
1117 2824 1172 2887 sed
1208 2826 1332 2908 antiqui
1366 2825 1425 2908 dei,

309 2957 431 3016 veteres
463 2952 679 3036 philosophiae
710 2953 816 3035 duces,
846 2952 985 3035 parasiti,
1008 2949 1197 3032 meretrices,
1222 2968 1314 3014 senes
1337 2951 1425 3014 avari

308 3080 484 3163 primarum
509 3083 584 3142 sunt
608 3083 736 3142 actores

352 3203 390 3267 Iu
427 3209 577 3288 quattuor
599 3206 698 3289 igitur
720 3223 837 3288 genera
858 3202 993 3267 Luciani
1016 3222 1111 3287 opera
1135 3202 1307 3267 dividenda
1330 3207 1422 3268 sunt:

354 3333 397 3394 10.
420 3331 582 3395 rhetorica.

354 3447 398 3508 20.
421 3447 456 3508 in
481 3444 599 3529 quibus
625 3446 757 3529 scriptor
780 3449 975 3509 senectutem
999 3462 1089 3507 suam
1112 3443 1289 3506 miseratur.

354 3571 396 3634 30.
419 3573 454 3634 in
480 3571 598 3655 quibus
621 3572 770 3655 aequales
794 3573 1053 3654 perstringuntur
1076 3573 1131 3632 aut
1154 3568 1334 3633 laudantur.

352 3699 398 3760 40.
421 3698 456 3759 in
481 3696 600 3780 quibus
623 3698 761 3761 uomicae
784 3715 936 3780 personae
958 3701 1063 3779 partes
1087 3698 1196 3777 agunt.

352 3820 451 3886 Hisce
484 3822 657 3906 generibus
692 3828 836 3887 certaene
867 3826 984 3886 aetates
1014 3820 1215 3903 respondent,
1245 3839 1285 3883 an
1317 3822 1423 3884 omnia

307 3967 364 4033 per
387 3955 485 4014 totam
509 3951 606 4013 vitam
631 3950 773 4033 dispersa
795 3950 1030 4013 inveniuntur?

352 4074 468 4151 Quam.
491 4078 708 4160 quaestionem
733 4081 770 4139 ut
787 4077 911 4146 ,certius
935 4075 1090 4158 dirimam,
1115 4080 1265 4160 quattuor
1288 4075 1421 4138 Luciani

307 4201 408 4296 libelli
440 4201 591 4266 afferendi
625 4207 710 4284 sunt,
744 4222 825 4284 quos
860 4221 896 4267 eo
932 4203 1057 4286 scripsit
1086 4202 1229 4284 consilio,
1260 4206 1297 4264 ut
1329 4220 1420 4264 suam

284 4341 288 4352 ·
307 4329 409 4412 ipsius
429 4326 589 4392 fortunam
613 4334 782 4412 enarraret,
805 4336 861 4393 aut
884 4328 923 4393 ab
948 4328 1199 4394 adversariorum
1224 4348 1259 4394 se
1282 4328 1421 4393 crimini·
