3328 5234
839 613 901 676 100

311 822 422 886 restria
451 821 534 886 bona
564 825 688 889 minimi
717 823 839 889 faciunt
868 826 1038 908 ipsamque
1061 825 1138 892 adeo
1163 832 1297 892 mortem
1322 826 1432 894 subire

313 965 377 1010 non
408 954 564 1032 recusant,
587 949 638 1014 vel
661 951 767 1034 potius
790 950 874 1014 ultro
899 968 968 1013 sese
992 951 1149 1034 supplicio
1173 953 1312 1016 tradunt.
1336 953 1433 1017 Prae-

311 1082 397 1138 terea
430 1077 553 1158 primus
587 1095 698 1142 eorum
731 1075 932 1160 „legislator”
965 1096 999 1141 se
1028 1078 1165 1142 invicem
1198 1099 1255 1162 pro
1278 1079 1432 1144 fratribus

312 1197 426 1264 habere
458 1206 488 1265 et
519 1203 625 1266 omnia
656 1202 801 1267 fortunae
831 1202 915 1266 bona
937 1207 1090 1286 tanquam
1115 1206 1297 1268 communia
1319 1211 1433 1289 putare

306 1328 412 1411 jussit,
444 1348 542 1412 quare
573 1331 613 1394 iis
644 1329 782 1414 benigne
811 1349 945 1394 munera
974 1331 1171 1414 impertiunt,
1198 1351 1279 1415 quos
1303 1337 1433 1416 propter

310 1453 497 1539 religionem
520 1460 575 1520 aut
598 1455 853 1541 possessionibus
874 1455 1059 1521 exturbatos
1079 1462 1135 1521 aut
1153 1477 1172 1521 a
1193 1456 1434 1541 magistratibus

310 1582 344 1644 in
373 1600 529 1646 carcerem
561 1584 720 1666 conjectos
742 1583 878 1647 videant.
903 1581 1018 1647 Sacros
1041 1581 1138 1647 libros
1162 1585 1197 1647 in
1221 1585 1433 1650 concionibus

309 1705 430 1790 legunt,
454 1727 544 1791 quos,
567 1709 595 1772 si
618 1710 691 1792 quis
715 1709 785 1773 aliis
807 1713 945 1792 praestat
969 1709 1123 1791 doctrina,
1142 1710 1375 1793 interpretatur.
1396 1709 1435 1775 Si

312 1853 407 1918 quem
438 1834 524 1920 leges
552 1856 637 1919 suas,
659 1837 747 1902 velut
770 1836 809 1900 de
832 1837 989 1900 alimentis
1012 1838 1145 1920 negatis,
1168 1838 1358 1920 migrantem
1384 1838 1435 1900 vi-

311 1960 414 2043 deant,
438 1979 511 2024 eum
535 1981 554 2025 a
577 1960 720 2027 coetibus
743 1962 923 2046 repudiant.

356 2085 472 2169 Verba,
504 2086 621 2170 quibus
651 2086 813 2152 Lucienus
843 2089 946 2152 utitur
976 2089 1011 2151 in
1040 2086 1292 2152 Christianorum
1315 2071 1444 2154 ritibus

312 2210 537 2294 describendis,
561 2213 612 2276 vel
636 2232 654 2276 a
675 2211 871 2277 Judaeorum
895 2213 985 2276 cultu
1008 2212 1059 2278 vel
1082 2233 1101 2276 a
1125 2210 1317 2278 Graecorum
1341 2214 1436 2278 insti-

312 2337 391 2402 tutis
410 2337 508 2421 petita
526 2340 610 2402 sunt.
629 2335 711 2401 Nam
734 2339 790 2423 qui
809 2337 916 2420 aliquo
936 2357 1069 2402 munere
1080 2336 1271 2421 funguntur,
1284 2358 1436 2415 γραμμα-

312 2467 375 2536 τῆς,
406 2467 566 2544 προφῆται,
596 2469 771 2541 συναγωγῆς
803 2465 854 2528 vel
875 2440 957 2544 irrasi
982 2461 1155 2542 aporiata,
1180 2462 1203 2526 oi
1225 2463 1254 2527 ἑν
1277 2461 1353 2526 τέλει
1377 2478 1434 2527 vo·

312 2592 433 2673 cantur,
456 2592 488 2654 et
509 2590 710 2674 evangelium
735 2588 851 2654 Christi
876 2591 969 2675 quasi
992 2587 1097 2660 τελετὴ
1122 2587 1204 2660 καινή
1229 2588 1433 2654 describitur.

314 2710 403 2789 Quae
430 2715 560 2778 nomina
590 2734 669 2780 num
700 2715 806 2778 omnia
836 2713 921 2798 apud
944 2714 1065 2797 priscos
1091 2712 1286 2777 Christianos
1309 2713 1343 2777 in
1367 2733 1434 2777 usu

313 2838 440 2923 fuerint,
463 2839 635 2922 dijudicare
661 2858 724 2904 non
745 2839 856 2922 audeo,
877 2839 932 2904 sed
951 2838 1125 2923 praefracte
1144 2857 1225 2922 nego
1237 2837 1437 2923 Lucianum,

312 2965 387 3029 licet
417 2964 626 3029 Christianam
657 2966 882 3051 benignitatem
914 2985 988 3050 erga
1018 2966 1157 3048 punitos,
1184 2965 1435 3030 immortalitatis

313 3091 408 3158 fidem
439 3097 470 3157 et
500 3094 645 3157 divinum
677 3091 794 3157 Christi
822 3092 944 3156 cultum
969 3093 1162 3175 cognoverit,
1184 3091 1329 3155 intimam
1354 3112 1436 3176 quo·
1513 3094 1516 3102 '

315 3239 377 3304 que
411 3220 573 3305 religionis
608 3220 658 3285 vel
693 3239 856 3284 sacrorum
892 3218 1046 3282 librorum
1082 3219 1226 3282 notitiam
1258 3218 1435 3283 ostendere.

315 3346 511 3428 Byzantinos
549 3347 648 3431 igitur
683 3351 714 3411 et
746 3346 945 3430 posteriores,
979 3363 1052 3408 cum
1087 3345 1120 3407 in
1153 3343 1246 3408 Veris
1281 3343 1434 3408 Historiis

316 3478 347 3538 et
380 3471 455 3538 alibi
487 3473 651 3557 parodiam
682 3473 840 3560 occultam
863 3473 898 3536 in
923 3469 1092 3553 Christum,
1116 3469 1232 3554 Mosea,
1254 3469 1435 3555 Josephum

316 3597 458 3682 aliosque
489 3618 617 3664 cernere
640 3599 853 3683 opinarentur,
876 3596 915 3662 ab
939 3599 1026 3662 omni
1052 3601 1141 3680 parte
1164 3598 1319 3662 erravisse
1340 3596 1437 3662 facile

316 3723 491 3809 intellegas.

363 3848 525 3915 Contrario
558 3855 665 3915 autem
700 3850 798 3914 errori
829 3847 960 3913 obnoxii
990 3853 1080 3913 erant
1109 3848 1165 3932 illi,
1189 3848 1245 3932 qui
1269 3849 1436 3913 satiricum

318 3994 393 4060 erga
414 3981 554 4041 nostram
576 3976 762 4062 religionem
786 3975 975 4040 benevolum
996 3974 1096 4040 fuisse
1108 3974 1311 4039 crediderunt
1324 3973 1356 4052 1).
1370 3970 1438 4049 Qui

347 4293 376 4358 l)
398 4295 427 4348 h.
444 4296 553 4348 Kestuer
568 4301 595 4348 et
612 4296 647 4347 La
661 4295 738 4347 Croca
755 4295 898 4346 Lucienum
915 4294 1007 4346 furtim
1025 4294 1187 4347 Christianae
1211 4291 1329 4360 religioni
1346 4293 1438 4345 addic-

318 4391 378 4438 tum
393 4388 472 4439 tuissc
488 4389 587 4454 opinati
603 4394 676 4441 sunt.
