3328 5234
760 572 821 634 101

237 781 319 844 enim
351 780 511 846 Christum
542 781 590 846 τὸν
623 779 909 846 ἀνασκολοπισθέντα
938 780 1080 864 ἄνθρωπον
1112 785 1180 849 sive
1218 784 1266 849 τὸν
1289 785 1353 849 ανε-

235 905 460 984 σκολοσσνσμένον
482 906 626 988 σοφιστήν
650 912 681 972 et
693 927 756 991 eoS,
770 910 825 992 qui
836 909 923 974 illius
936 913 1110 996 praeceptis
1123 911 1242 975 addicti
1256 916 1354 996 erant,

232 1032 448 1110 κακοδαίμονας
470 1037 639 1118 ipsamque
661 1035 849 1118 religionem
875 1035 1048 1111 θαυμαστὴν
1069 1036 1178 1118 σοφίαν
1201 1038 1355 1122 nominat,

233 1179 366 1244 magnae
389 1163 582 1225 reverentiae
604 1162 771 1246 proximus
792 1180 856 1224 non
879 1167 927 1226 est
945 1163 1116 1247 putandus.
1139 1162 1252 1248 Neque
1272 1163 1353 1227 facio

233 1305 307 1350 eum
320 1284 692 1370 Sommerbrodt101),qui
703 1285 879 1351 Lucienum
895 1307 963 1352 eam
977 1288 1016 1352 cb
1029 1309 1160 1353 causam
1173 1289 1243 1354 aliis
1257 1308 1351 1373 paga-

234 1432 347 1477 norum
372 1412 578 1496 scriptoribus
602 1413 774 1498 anteponit,
795 1414 880 1497 quod
900 1413 1089 1478 Christianis
1102 1414 1202 1479 multo
1215 1414 1353 1479 benevo-

233 1539 348 1603 lentior
371 1543 452 1603 esset
476 1558 571 1623 quam
595 1537 730 1622 Plinius,
751 1541 808 1623 qui
828 1541 868 1602 iis
891 1539 1140 1623 „pervicaciam”
1161 1545 1192 1605 et
1207 1539 1352 1623 „inflexi-

234 1664 328 1729 bilem
353 1663 616 1728 obstinaticncm”
643 1663 751 1746 objicit
771 1664 823 1728 vel
841 1664 977 1748 Tacitus,
990 1667 1046 1749 qui
1059 1684 1169 1729 eorum
1188 1666 1354 1747 ,exitiabi-

232 1791 296 1855 lem
315 1789 593 1875 superstitionem’'
613 1790 810 1854 condemnat.
823 1790 925 1854 immo
939 1793 966 1856 si
979 1791 1111 1856 verbum
1126 1791 1300 1856 Paulinum
1313 1793 1352 1856 ad

234 1916 413 1980 Corinthios
436 1917 635 2000 aliquantum
660 1921 782 1981 mutare
806 1917 906 2001 liceat,
931 1918 1036 1983 dicere
1057 1919 1153 1983 velim
1173 1920 1222 1984 τὸν
1235 1921 1354 1999 Χριστὸν

235 2041 446 2123 ἐσταυρωμένον
463 2042 614 2120 Ῥωμαίοις
638 2042 692 2119 μὲν
716 2040 889 2116 σκάνδαλον,
914 2044 1062 2125 Λουκοανῷ
1087 2044 1118 2108 δὲ
1142 2045 1250 2125 popter
1273 2040 1352 2110 εἷναι.

279 2169 399 2253 Cuivis,
434 2170 624 2254 quantulum
660 2167 822 2234 Lucienus
853 2170 891 2235 de
924 2169 1177 2236 Christianorum
1209 2173 1354 2237 doctrina

235 2299 427 2380 cognoverit,
462 2317 569 2362 secum
606 2298 819 2362 consideranti
854 2300 960 2362 statim
993 2299 1156 2384 apparebit
1185 2299 1255 2364 fieri
1289 2318 1354 2363 non

235 2444 336 2508 posse,
364 2430 400 2489 nt
423 2445 503 2508 opus
527 2424 724 2489 Lucianeum
748 2425 789 2487 sit
811 2423 1014 2518 Philopatrts,
1039 2424 1096 2489 ubi
1123 2424 1299 2507 „Trinitas”
1324 2428 1355 2489 et

235 2550 347 2614 mundi
382 2550 514 2614 creatio·
531 2549 709 2614 secundum
745 2547 996 2613 Christianorum
1033 2549 1132 2614 libros
1167 2556 1301 2634 narrata,
1337 2571 1355 2614 a

236 2678 387 2761 scriptore
418 2678 451 2739 in
483 2675 658 2740 ludibrium
689 2681 852 2740 vocantur.
877 2674 991 2760 Neque
1013 2679 1047 2740 in
1073 2675 1169 2742 dubia
1191 2696 1227 2742 re
1251 2697 1356 2742 versa-

236 2823 317 2884 mur,
347 2803 421 2886 quia
453 2801 623 2879 Gesnerus,
655 2803 710 2886 qui
742 2804 865 2886 primus
888 2803 927 2866 ad
953 2805 1156 2887 quaestiones
1179 2803 1356 2868 Lucianeas

236 2930 318 2992 viam
352 2931 484 3013 apernit,
509 2929 664 3013 singulari
688 2927 796 2992 libello
821 2947 905 2992 anno
932 2929 1017 2992 1715
1042 2929 1137 3012 edito,
1160 2949 1233 2994 eum
1259 2929 1356 2993 dialo-

234 3074 308 3137 gum
342 3054 392 3118 vel
425 3053 464 3118 ob
488 3056 693 3138 graecitatem
721 3053 936 3117 damnandum
961 3059 1032 3138 post
1056 3053 1256 3118 Constantini
1278 3059 1356 3118 tem-

235 3199 312 3263 pora
331 3199 401 3244 esse
421 3182 573 3264 scriptum
596 3179 755 3244 historicis
775 3181 973 3263 argumentis
986 3180 1221 3245 demonstravit.
1235 3179 1356 3244 Munus
1402 3227 1404 3231 -

236 3307 320 3369 enim
343 3300 492 3388 ἐξνσασῶν,
514 3306 547 3368 in
570 3303 786 3390 Philopatride
810 3310 1030 3387 memoratum,
1054 3309 1087 3369 in
1111 3305 1209 3369 altero
1227 3305 1353 3370 demum

236 3432 341 3515 quarti
365 3432 464 3495 seculi
488 3431 619 3496 dimidio
644 3436 783 3496 creatum
808 3450 879 3497 esse
904 3433 1034 3497 invenit.

301 3657 329 3720 2.
353 3657 402 3720 De
423 3655 530 3720 ceteris
552 3656 730 3742 aequalium
752 3657 865 3721 studiis
888 3677 909 3720 ο
932 3656 1074 3721 Ιαοναννο
1095 3654 1290 3738 vituperatis.

639 3783 688 3846 De
711 3779 801 3846 Jolio
823 3779 955 3846 Polluce.

278 3969 321 4033 At
344 3987 409 4031 non
433 3965 546 4048 Cynici
570 3967 631 4032 soli
653 3966 793 4032 ludibrio
817 3973 848 4031 et
873 3966 976 4031 dolori
1000 3973 1089 4031 erant
1111 3965 1262 4030 Lucieno.
1284 3963 1359 4028 Om-

235 4095 324 4157 nium
367 4098 524 4157 sectarum
566 4112 681 4177 pravos
725 4091 897 4175 discipulos
933 4112 1006 4157 cum
1042 4094 1126 4158 veris
1143 4092 1356 4178 ,philosophis

270 4340 283 4390 1
315 4341 359 4391 Ed.
380 4341 489 4392 Weidm.
509 4339 590 4390 Praei.
608 4353 632 4404 p.
650 4337 690 4390 41.
