3328 5234
728 622 788 688 et

205 837 357 919 promisit.
380 835 493 919 Neque
516 835 611 900 fidem
634 839 793 919 praestare
813 839 966 918 cessavit,
989 858 1062 902 nam
1083 838 1207 924 dialogo
1227 838 1323 924 Fugi-

209 964 284 1026 tivis
308 967 339 1027 et
362 961 443 1026 libro
467 962 506 1026 de
529 961 630 1025 Morte
652 939 817 1046 Peregrini
840 959 987 1046 Cynicos,
1012 967 1068 1048 qui
1087 966 1325 1030 Antoninorum

209 1086 405 1172 temporibus
448 1107 581 1152 numero
624 1091 655 1151 et
696 1089 868 1170 conspicuo
904 1093 1017 1152 ornatu
1053 1089 1188 1153 aliorum
1223 1096 1324 1155 sectas

209 1214 410 1299 superabant,
432 1214 625 1297 impuritatis
649 1217 679 1276 et
703 1214 874 1278 iactantiae
897 1215 1104 1279 insimulavit.

251 1339 339 1405 Licet
363 1344 469 1404 autem
490 1338 703 1420 Fapitiooram
724 1339 861 1421 initium,
879 1339 935 1403 ubi
957 1343 1090 1425 scriptor
1110 1341 1150 1405 ad
1161 1342 1327 1426 Peregrini

209 1468 432 1531 cremationem
457 1465 549 1549 quasi
572 1463 612 1527 ad
635 1483 701 1528 rem
723 1463 873 1529 omnibus
893 1470 1001 1530 notam
1020 1466 1142 1549 alludit,
1154 1469 1328 1533 verisimile

208 1593 318 1657 reddat
337 1591 492 1656 diatribon
510 1591 552 1666 ¹de
571 1590 667 1654 huius
689 1589 803 1672 Cynici
823 1597 924 1656 morte
935 1594 1072 1676 priorem
1086 1613 1155 1659 osse
1168 1597 1327 1680 scriptam,

207 1723 313 1782 tamen
337 1722 374 1782 ut
396 1719 523 1781 inversa
545 1717 667 1780 ratione
690 1715 938 1800 disputationem
963 1720 1146 1803 inciperem,
1170 1720 1252 1786 duae
1275 1741 1327 1787 me

208 1863 322 1908 causae
352 1847 601 1907 commoverunt.
632 1841 685 1906 Ad
704 1842 825 1924 judicia
849 1845 944 1927 enim,
968 1865 1051 1929 quae
1074 1846 1113 1912 de
1137 1846 1326 1931 aequalibus

205 1970 401 2054 philosophis
424 1971 457 2032 in
481 1968 537 2032 Bis
561 1969 720 2032 Accusato
747 1973 778 2032 ot
797 1969 831 2031 in
843 1967 1005 2035 Piscatoro
1016 1972 1140 2056 tulerat,
1152 1975 1326 2058 respiciens

205 2095 368 2161 Lucianus
401 2097 437 2158 in
471 2099 579 2159 nostro
615 2093 736 2178 dialogo
771 2093 860 2178 (Fug.
895 2097 948 2172 24)
979 2098 1024 2160 ita
1051 2099 1232 2181 opinionem
1256 2119 1328 2162 mu-

205 2223 293 2306 tavit,
317 2225 354 2285 ut
377 2240 457 2304 quos
481 2218 661 2304 probandos
686 2224 779 2283 antea
802 2218 937 2303 πολλούς,
951 2220 1066 2286 deinde
1076 2222 1158 2293 τινάς
1171 2230 1328 2308 vocasset,

207 2367 294 2412 nunc
315 2349 350 2411 in
373 2345 451 2409 advo
471 2345 585 2423 ὀλίγους
605 2346 811 2410 contraheret.
824 2345 952 2411 Indolos
965 2348 1328 2432 quoqueFugitivorum
1374 2411 1375 2416 ,

205 2472 270 2537 iere
293 2473 403 2537 eadem
427 2478 483 2554 ost,
507 2491 589 2556 quae
612 2473 647 2534 in
668 2472 888 2555 praecedentis
912 2475 1022 2537 aetatis
1043 2473 1175 2558 dialogis
1200 2477 1326 2560 conspi-

206 2600 296 2662 citur.
318 2597 596 2680 NamLucianus,
620 2598 676 2682 qui
699 2602 764 2661 tam
789 2596 845 2661 diu
870 2598 904 2661 in
930 2596 1133 2662 Comicorum
1152 2600 1329 2665 imitatione

205 2729 351 2790 versatus
374 2727 541 2808 magistros
565 2728 692 2808 reponte
716 2723 861 2788 deserere
884 2743 949 2786 non
961 2729 1078 2808 posset,
1091 2729 1194 2789 totum
1206 2726 1330 2810 dialogi

206 2851 302 2915 finem
333 2851 496 2934 (22-23),
521 2849 576 2914 ubi
600 2854 663 2914 tres
688 2849 837 2933 aequales
864 2850 956 2933 quasi
980 2851 1065 2914 servi
1089 2850 1218 2934 fugitivi
1242 2853 1330 2915 exci-

206 2980 347 3062 piuntur,
369 2978 409 3041 ad
431 2977 610 3041 comoediae
622 2996 764 3040 normam
780 2978 948 3060 expressit.
961 2976 1117 3061 inspicias
1130 2977 1236 3056 locum
1250 2979 1329 3060 (31),

206 3106 262 3170 ubi
283 3125 368 3190 pera,
394 3125 490 3189 quam
515 3103 692 3169 (lantherus
716 3105 850 3186 cynicus
874 3124 985 3169 secum
1009 3109 1160 3188 gesserat,
1181 3123 1329 3182 excussa,

206 3255 271 3299 non
294 3237 411 3300 ciceres
433 3234 484 3298 vel
503 3234 682 3298 crustulum
701 3230 958 3317 panis,sedddvn
980 3229 1146 3312 χρυσίου
1159 3230 1329 3316 deprendi-

206 3365 266 3424 tur.
290 3359 445 3425 Hercules
468 3378 587 3442 eorum,
611 3360 666 3443 qui
689 3359 843 3443 fugitivos
866 3361 1027 3443 persecuti
1050 3363 1149 3440 eraut,
1173 3362 1326 3422 strenuus

206 3486 331 3569 adjutor
360 3486 534 3550 exclamat:
567 3483 610 3560 μὴ
634 3482 799 3564 donarium·
826 3485 937 3557 κυνικὸς
960 3484 1019 3565 γὰρ
1042 3480 1174 3564 ἔφασκεν
1199 3476 1268 3546 εἶναι
1293 3481 1326 3546 τὸ

206 3610 322 3690 πρόσθεν
352 3608 401 3674 ἐπὶ
432 3616 486 3682 τῆς
518 3606 675 3681 Ἑλλάδος·
699 3609 823 3672 ἐνταῦθα
846 3607 877 3673 δὲ
901 3607 1176 3689 Χρυσίππειος
1199 3606 1329 3689 ἀκριβῶς

205 3735 291 3809 ἐστίν,
314 3755 455 3820 quocum
465 3737 529 3818 joci
542 3755 559 3800 e
572 3735 732 3800 Piscatore
745 3737 809 3819 (45,
823 3738 875 3817 51)
889 3735 1073 3800 conferendi
1087 3739 1171 3800 sunt.
1186 3733 1329 3811 Quanto-

206 3883 279 3948 pere
314 3869 422 3927 autem
454 3881 511 3946 per
544 3866 643 3926 totam
677 3863 759 3926 hanc
794 3882 921 3927 scenam
949 3864 1143 3926 comicorum
1169 3861 1331 3926 festivitas

207 3995 325 4074 regnet,
348 3991 418 4073 ipsa
440 3987 634 4070 Cynicorum
657 3991 787 4053 nomina
809 3989 952 4073 probant,
980 4008 1117 4071 quorum
1131 4008 1228 4054 unus
1252 4008 1332 4052 cou-

208 4119 371 4180 venienter
399 4114 555 4198 squalidis
583 4113 725 4178 moribus
755 4112 941 4196 Gentianus,
968 4113 1032 4178 duo
1056 4111 1123 4176 κατ’
1150 4111 1327 4196 ἀντίφρσσιν

207 4239 383 4323 Lecythion
405 4245 436 4304 et
459 4239 637 4323 Myropnus
660 4244 827 4304 vocantur.

249 4366 416 4432 Habemus
456 4368 556 4452 igitur
591 4365 758 4452 Fugitivos
795 4369 886 4451 quasi
920 4367 1058 4452 primunr
1097 4367 1331 4452 testimonium,

1219 4479 1235 4534 Ἰ
