3310 5242
727 630 769 694 19

188 843 300 923 σχεδὸν
330 840 459 921 γεγονότι
490 840 573 905 δοκῶν
595 842 797 920 οέπνλλοὶχθοοο
820 840 872 906 κοοὶ
898 841 964 914 τοὺς
984 840 1090 923 ἄνδρας
1114 841 1180 915 τοὺς
1204 841 1308 906 Binar-

188 968 246 1040 τοὶς
274 971 412 1048 οὲτρεροεῖν
441 968 501 1039 εὀἳν,
533 965 582 1030 aa}
612 965 748 1047 Δνοολόγῳ
772 973 1004 1047 συμπεριπατεῖν
1029 968 1088 1050 (bis
1113 989 1176 1034 acc.
1202 970 1254 1049 32)
1279 973 1310 1032 et

188 1101 224 1162 in
248 1097 412 1162 Piscatore
434 1116 453 1159 a
474 1094 617 1178 Diogene
638 1114 672 1159 se
692 1095 834 1158 accusari
845 1093 948 1178 fingit,
961 1095 1047 1178 quod
1059 1092 1146 1174 ῥήτωρ
1161 1093 1311 1157 ἀπολιπὼν

188 1221 230 1287 τοὶ
262 1221 433 1301 δικαστήριον
464 1222 605 1305 dialogos
629 1225 740 1284 contra
763 1221 968 1304 philosophos
992 1220 1128 1286 scribere
1148 1221 1311 1304 coepisset.

190 1348 296 1414 Vides
331 1368 414 1433 ergo,
448 1347 554 1422 lector,
585 1345 763 1411 Lucianum
799 1346 841 1409 40
872 1366 972 1410 annos
1003 1352 1115 1411 natum
1143 1351 1312 1431 patronum

190 1495 366 1540 causarum
397 1493 461 1538 non
496 1473 635 1556 amplius
666 1474 856 1557 professum,
888 1473 926 1536 ad
959 1473 1101 1558 dialogos
1131 1472 1314 1538 scribendos

191 1601 370 1682 transiisse,
401 1599 488 1683 quod
523 1598 638 1663 Suidas
666 1598 714 1661 ἐπὶ
737 1597 770 1662 τὸ
793 1603 991 1678 λογογραφεῖν
1014 1605 1158 1678 τροπῆνοοο
1181 1600 1316 1663 vocavit.

240 1724 333 1803 Quae
365 1730 471 1790 autem
507 1724 632 1789 duabus
663 1724 868 1808 paragraphis
900 1725 939 1789 de
961 1725 1095 1788 Luciani
1117 1727 1184 1790 vita
1206 1743 1316 1789 conse-

193 1858 294 1917 cutus
325 1872 406 1934 sum,
437 1856 473 1915 ut
503 1850 592 1916 brevi
624 1850 823 1934 complectar,
851 1847 1029 1915 Lucianum
1053 1870 1137 1914 anno
1160 1851 1225 1915 fere
1252 1849 1314 1912 115

193 1983 321 2060 natum,
351 1995 455 2060 usque
489 1976 529 2039 ad
563 1995 683 2040 annum
718 1977 779 2038 155
805 1975 993 2042 rhetoricam
1018 1977 1218 2061 disciplinam
1242 1995 1313 2060 pro·

194 2103 330 2186 fossum,
360 2101 474 2167 deinde
504 2121 560 2185 per
591 2121 692 2167 annos
725 2103 809 2165 circa
840 2101 948 2167 decem
979 2104 1117 2169 comicos
1144 2108 1254 2188 poetas
1287 2107 1319 2168 et

195 2231 387 2315 Menippum
417 2235 573 2312 secutum,
596 2249 680 2292 anno
706 2228 769 2291 165
794 2230 1107 2314 quinquagenarium
1133 2230 1315 2313 aequalium

197 2377 365 2423 censorem
386 2357 513 2440 factum,
536 2375 592 2440 per
615 2357 688 2440 plus
712 2375 809 2437 quam
829 2356 1010 2441 quindecim
1032 2376 1133 2421 annos
1146 2361 1317 2440 sequentes

196 2484 260 2548 hoc
291 2503 423 2548 munere
452 2484 607 2566 functum,
630 2488 788 2566 postremo
811 2483 851 2546 ad
874 2484 1046 2548 rhetoricas
1070 2485 1317 2549 declamationes

197 2611 361 2695 relapsum
385 2629 455 2675 esse
473 2613 588 2674 statuo.
