3310 5242
845 597 884 658 12

303 812 355 874 sit.
390 809 558 893 Nusquam
593 811 624 872 in
660 809 749 874 illius
784 810 894 873 aetatis
930 807 1087 893 operibus,
1121 811 1184 874 nisi
1217 809 1350 876 fortasse
1382 811 1416 874 in

302 937 460 1001 Toxaride
483 937 573 1002 locus
597 938 737 1001 comicus
760 938 931 1001 invenitur.

343 1063 384 1126 ΙΙ.
409 1062 488 1127 Tum
514 1063 552 1126 ad
577 1065 713 1126 comicos
737 1068 768 1127 et
790 1064 920 1143 cynicos
941 1062 1081 1147 dialogos
1101 1061 1417 1146 transiit,exquibus

300 1190 419 1252 multos
455 1189 565 1252 saltem
598 1193 671 1252 ante
701 1187 758 1250 Bis
788 1189 984 1252 Accusatum
1012 1194 1042 1252 et
1065 1188 1258 1253 Piscatorem
1284 1191 1417 1272 scriptos

233 1369 234 1373 ,
301 1335 370 1380 esse
394 1334 523 1380 necesse
544 1321 599 1379 est.
621 1315 770 1397 Plerique
789 1316 887 1398 igitur
902 1313 987 1412 libri,
1007 1334 1086 1398 quos
1106 1314 1243 1394 indole-m
1265 1316 1417 1380 comicam

300 1443 420 1525 spirare
454 1443 572 1522 inveni,
604 1445 772 1524 postquam
805 1440 1049 1503 declamationes
1080 1439 1228 1522 deseruit,
1259 1440 1313 1504 sed
1344 1445 1418 1504 ante

299 1566 356 1630 Bis
379 1568 576 1631 Accusatum
601 1572 631 1631 et
653 1565 846 1630 Piscatorem
871 1567 1037 1649 compositi
1061 1571 1144 1629 sunt.

344 1692 402 1755 Ill.
425 1692 505 1756 lnde
529 1713 547 1756 a
569 1691 732 1758 Piscatore
756 1691 920 1775 usquead
945 1697 1141 1756 senectutem
1166 1710 1279 1755 censor
1302 1711 1417 1775 aequa·
1500 1675 1503 1681 ’

298 1818 377 1882 lium
418 1820 548 1882 exstitit.
584 1819 636 1880 Ad
672 1838 768 1901 quam
802 1822 935 1881 aetatem
961 1837 1070 1882 omnes
1096 1819 1218 1899 satiras,
1240 1819 1274 1882 in
1299 1817 1418 1901 quibus

299 1943 447 2026 aequales
480 1945 748 2027 perstringuntur,
781 1943 899 2006 referre
923 1942 1027 2005 velim.
1050 1942 1100 2005 Ex
1126 1964 1259 2027 quarum
1284 1963 1417 2008 numero

299 2075 363 2134 tres
395 2071 507 2133 comici
538 2069 656 2153 dialogi
687 2075 762 2164 sunt
787 2068 988 2132 nominandi:
1015 2068 1164 2152 Fugitivi,
1187 2068 1417 2152 Philopseudes

279 2199 330 2258 -et
354 2193 553 2258 Conuiuium.

342 2320 398 2383 IV.
423 2320 495 2384 Jam
519 2325 669 2404 provecta
693 2325 794 2384 aetate
818 2319 980 2384 Lucienus
1005 2321 1044 2383 ad
1068 2321 1240 2384 rhetoricas
1263 2320 1416 2384 declama·

299 2449 402 2512 tiones
435 2449 537 2529 rediit,
567 2449 601 2510 in
634 2446 752 2530 quibus
783 2447 909 2510 nullum
933 2448 1088 2511 comicum
1115 2448 1283 2531 vestigium
1308 2447 1416 2530 depre-

298 2573 457 2638 henditur.

343 2699 500 2776 Quattuor
523 2702 579 2764 has
603 2706 720 2765 aetates
745 2705 913 2785 postquam
938 2659 1153 2780 distinximus,
1177 2701 1294 2764 certius
1319 2720 1414 2784 quam

299 2832 391 2891 antea
411 2828 511 2909 licuit,
531 2828 673 2910 expediri
694 2831 805 2910 potest,
827 2827 883 2910 qui
901 2826 1020 2890 factum
1042 2829 1092 2908 sit,
1105 2832 1141 2890 ut
1150 2826 1271 2909 judicia
1283 2825 1416 2890 Luciani

298 2959 362 3017 tam
388 2972 480 3037 saepe
504 2955 587 3016 inter
610 2971 680 3017 sese
702 2959 822 3018 certare
846 2953 1021 3017 videantur.
1045 2953 1106 3017 Per
1126 2955 1259 3037 primam
1281 2959 1414 3017 aetatem

298 3077 396 3142 verba
426 3079 465 3142 ad
496 3079 678 3143 auditorum
709 3079 904 3144 voluntatem
936 3079 1199 3160 accommodavit,
1224 3100 1280 3164 per
1303 3100 1415 3145 secun-

300 3201 372 3266 dam
403 3202 502 3266 libere
520 3204 646 3284 jocatus
670 3208 726 3285 est,
749 3223 822 3267 cum
847 3224 915 3286 sua,
938 3209 1046 3268 utrum
1072 3203 1270 3269 Comicorum
1295 3211 1327 3269 et
1349 3205 1414 3269 Me-

296 3328 386 3411 nippi
410 3330 575 3393 sententiis
598 3331 666 3412 ipse
690 3329 728 3393 ab
751 3332 838 3393 omni
857 3335 946 3414 parte
966 3329 1177 3394 adsentiretur
1196 3349 1304 3412 necne,
1326 3332 1415 3415 parvi

297 3455 471 3520 interesset.
504 3455 566 3520 Per
595 3459 718 3521 tertiam
752 3457 850 3520 solam
876 3475 917 3520 ex
941 3458 1054 3519 intimo
1078 3458 1183 3519 animo
1207 3456 1334 3520 locutus
1358 3460 1413 3521 est.

298 3579 350 3646 Sic
384 3580 493 3645 multis
527 3582 666 3645 tenebris
702 3583 864 3666 dispulsis,
898 3601 980 3665 quae
1014 3581 1053 3646 de
1087 3581 1228 3645 Lucieno
1261 3582 1415 3645 disserere

298 3706 432 3790 decrevi,
457 3709 515 3772 hoc
537 3709 631 3772 modo
654 3709 686 3771 in
711 3713 862 3792 quattuor
884 3713 988 3792 partes
1013 3709 1154 3791 digerere
1178 3728 1248 3772 sum
1262 3713 1412 3772 conatus:

298 3836 400 3917 capite
434 3835 574 3898 secundo
610 3854 710 3919 pauca
745 3834 783 3898 de
812 3835 920 3900 indole
950 3836 1104 3899 rhetorica
1134 3837 1310 3900 litterarum
1335 3855 1413 3900 aevo

297 3962 536 4024 Antoninorum
568 3961 750 4025 florentium
778 3961 945 4044 praefatus,
969 3963 1103 4025 strictim
1125 3962 1279 4045 quaedam
1304 3962 1413 4045 dispu-

298 4089 363 4153 tavi
386 4088 425 4152 de
449 4088 621 4180 opusculis,
645 4107 727 4172 quae
747 4086 908 4152 Lucienus
929 4093 965 4154 ut
976 4089 1123 4172 aequales
1136 4090 1292 4174 sophistas
1306 4108 1413 4153 aemu-

262 4259 264 4262 -
297 4215 416 4278 leretur
457 4217 643 4300 composuit.
681 4214 784 4280 Tertio
827 4217 929 4300 capite
968 4235 1094 4306 operam
1129 4217 1210 4300 dedi,
1244 4223 1280 4282 ut
1315 4237 1411 4300 quam

297 4337 552 4406 luculentissime
592 4342 765 4407 lectoribus
807 4343 1013 4426 ostenderem,
1056 4345 1215 4428 quomodo
1249 4343 1412 4408 Lucienus
