3328 5234
830 602 893 666 108

303 839 358 880 σοον
390 812 441 880 καὶ
478 811 614 894 διασύρων
637 813 690 886 rba
714 811 891 886 ‘Elaeunta
915 812 1145 896 δεισιδαιμονίαν,
1171 812 1263 897 ὥσπερ
1285 817 1339 882 auio
1361 824 1423 890 τοῖς

300 939 400 1013 ἄλλοις
423 939 474 1005 καὶ
499 944 599 1005 τοῦτον
619 937 800 1004 συνέταττεν.

345 1067 481 1133 Photius
512 1069 618 1151 igitur,
650 1068 733 1131 sicut
764 1068 824 1129 viri
854 1066 938 1130 docti
959 1067 1057 1151 vulgo
1082 1068 1262 1151 opinantur,
1285 1069 1423 1135 Asinum

301 1192 499 1258 Lucianeum
523 1195 652 1256 satiram
676 1194 708 1255 in
734 1191 1004 1276 Metamorphoses
1027 1191 1119 1256 lucii
1138 1193 1302 1259 Patrensis
1321 1197 1423 1259 nomi·

301 1321 416 1384 navit?
451 1320 609 1404 Equidem
644 1339 709 1382 non
744 1319 853 1398 cred03
888 1338 961 1381 nam
993 1323 1058 1382 tota
1088 1321 1158 1384 eins
1190 1324 1422 1404 argumentatio

302 1446 431 1530 flagitat,
466 1452 502 1510 ut
533 1465 608 1510 eum
639 1446 779 1509 Asinum
810 1463 867 1528 pro
900 1449 1048 1528 excerpto
1075 1444 1225 1510 habuisse
1248 1467 1423 1513 sumamus.

302 1572 381 1650 Quis
406 1574 519 1638 deinde
542 1573 680 1637 Graecae
702 1571 832 1655 linguae
855 1571 977 1654 peritus
1001 1589 1157 1653 umquam
1178 1571 1216 1634 ad
1237 1573 1418 1654 paroediam

303 1700 531 1783 designandam
564 1697 679 1780 verbis,
710 1698 818 1781 qualia
849 1699 925 1760 sunt
957 1693 1163 1775 μεταγράφειν
1193 1701 1224 1761 et
1255 1697 1288 1761 τὸ
1318 1698 1423 1761 ἐκεῖθεν

303 1822 488 1898 ύσιοσιιλιρύέν,
525 1845 604 1890 usus
635 1824 707 1889 est?
739 1823 853 1907 Neque
884 1822 1016 1886 Plotius
1041 1824 1168 1905 scripsit
1195 1820 1351 1904 „bruodpuu
1374 1824 1424 1888 τὸν

304 1951 425 2016 Λούκιον
434 1955 502 2018 sive
511 1950 647 2032 διασύρων
659 1949 715 2022 σύος
724 1949 846 2014 Λουκίου
859 1949 1103 2030 μεταμορφώσεις
1115 1952 1214 2013 σοῦσον
1226 1947 1423 2013 σονέσασσεν”

304 2079 360 2142 sed
389 2076 544 2160 »διασύρων
568 2076 620 2148 τὴν
641 2075 815 2150 Ἑλληνικὴν
835 2075 1089 2172 δεισιδαιμονίαν”,
1104 2096 1186 2160 quae
1199 2077 1311 2141 ultima
1324 2076 1421 2142 verba

306 2213 415 2269 utrum
449 2205 487 2268 ad
523 2206 690 2268 veritatem
724 2205 789 2268 sint
825 2221 976 2286 expressa
1007 2222 1115 2280 necne,
1146 2222 1187 2268 ex
1217 2205 1287 2288 ipso
1318 2204 1420 2268 Asino

307 2351 385 2395 mox
407 2330 577 2417 apparebit.

348 2457 387 2520 V.
401 2458 438 2521 cl.
468 2456 619 2521 Rohdeus
650 2460 756 2520 tamen
787 2454 936 2520 Photium
963 2456 1001 2519 de
1025 2457 1122 2520 satira
1144 2457 1178 2519 in
1200 2454 1337 2520 Lucium
1361 2456 1421 2521 Pa-

304 2589 444 2649 trensem
480 2584 624 2648 locutum
657 2601 726 2647 esse
758 2583 905 2666 opinatus
936 2583 1030 2646 etiam
1060 2583 1095 2644 in
1126 2583 1228 2646 Asino
1259 2582 1421 2648 Lucianeo

304 2700 402 2774 huius
433 2710 581 2793 parodiae
604 2710 737 2792 vestigia
761 2708 927 2800 quaesivit.
952 2707 1014 2772 Sed
1038 2712 1209 2792 antequam
1234 2709 1422 2792 disputatio-

305 2852 378 2897 nem
411 2833 499 2897 illius
533 2835 594 2896 viri
624 2833 708 2897 docti
740 2834 900 2916 inspicias,
932 2832 1039 2915 lector,
1069 2837 1105 2895 nt
1139 2831 1239 2898 Veras
1263 2832 1424 2900 Historias

304 2960 448 3043 perlegas
483 2965 514 3023 et
547 2958 586 3022 ab
616 2958 671 3022 illo
702 2958 783 3022 libro
813 2977 924 3022 recens
955 2958 995 3021 ad
1026 2958 1164 3022 Asinum
1189 2962 1340 3041 transeas
1364 2958 1422 3022 tibi
1501 3039 1505 3050 .

306 3085 433 3149 suadeo.
464 3083 565 3148 Nemo
597 3084 747 3168 profecto,
776 3085 838 3147 nisi
862 3088 1090 3167 praeconcepta
1114 3084 1262 3168 opinione
1286 3087 1424 3168 regatur,

305 3231 371 3275 non
406 3210 525 3275 videbit
556 3211 694 3274 Asinum
726 3229 795 3275 esse
823 3211 962 3293 lepidam
992 3209 1140 3292 fabulam,
1172 3212 1204 3272 in
1230 3229 1422 3294 quareque

306 3337 507 3421 fabulatores,
538 3355 643 3420 neque
675 3335 831 3399 mirabilia
854 3355 960 3418 neque
983 3334 1166 3418 superstitio
1189 3335 1222 3397 in
1246 3334 1421 3399 ludibrium

306 3467 469 3527 vocentur.
505 3461 593 3525 Nihil
622 3463 758 3545 scriptor
784 3462 847 3526 nisi
867 3463 1008 3544 J'ocosam
1033 3461 1244 3523 narrationem
1268 3463 1423 3545 spectavit

306 3595 338 3654 et
366 3590 421 3653 illa
445 3587 537 3653 Lucii
558 3587 837 3673 transfiguratione
859 3592 1024 3672 propterea
1048 3606 1127 3651 usus
1150 3591 1206 3669 est,
1231 3588 1306 3670 quia
1329 3607 1424 3672 argu·

307 3720 450 3781 mentum
474 3715 599 3779 fabulae
623 3717 692 3779 sine
715 3735 751 3780 ea
771 3720 854 3779 stare
872 3733 937 3777 non
957 3718 1087 3797 poterat.
1106 3712 1145 3776 In
1165 3711 1259 3777 Veris
1271 3711 1423 3778 Historiis

306 3846 412 3906 tamen
448 3862 511 3905 non
543 3842 679 3925 simplex
710 3841 1006 3923 fabellanarratur,
1029 3840 1084 3904 sed
1110 3842 1244 3924 scriptor
1267 3839 1424 3904 mirabilia

306 3969 533 4052 undecumque
568 3989 694 4034 corrasa
717 3989 782 4033 nno
806 3969 936 4033 vinculo
961 3968 1123 4052 copulavit
1147 3972 1177 4031 et
1201 3966 1423 4051 exaggerando

304 4097 339 4158 in
373 4096 545 4159 ridiculum
582 4096 719 4160 detorsit.
756 4093 827 4171 Qua
860 4115 894 4160 re
928 4100 1093 4181 perspecta
1127 4094 1305 4177 audiamus,
1341 4113 1424 4177 quae

305 4221 468 4300 Rohdeus,
493 4228 528 4287 ut
552 4225 713 4288 satiricam
738 4224 829 4287 Asini
852 4223 990 4287 indolem
1016 4222 1204 4305 ostenderet,
1227 4222 1260 4285 in
1284 4222 1424 4286 medium

308 4349 484 4433 protulerit.
