3310 5242
521 1651 733 1728 orror
771 1607 1045 1729 Paruum

690 1954 885 1964 ---

439 2211 668 2266 PRAEFATIO.
696 2211 747 2264 Dhl
773 2211 867 2266 VITA
894 2211 1127 2266 SCRIPTORIS.

329 2419 357 2481 1.
381 2419 429 2482 De
450 2416 633 2480 auctoritate
655 2435 692 2478 oc
713 2417 828 2497 qratia,
850 2415 960 2500 quihus
980 2415 1143 2492 Lucienus
1166 2416 1254 2498 opud

646 2547 787 2624 posteros
807 2540 924 2620 floruit.

265 2729 471 2814 Unicuique,
489 2730 650 2814 paulisper
681 2729 775 2793 modo
806 2731 840 2792 in
865 2728 1057 2794 Graecorum
1081 2729 1197 2794 litteris
1221 2734 1350 2794 versato

230 2855 312 2919 illud
331 2854 483 2936 Aeschyli
503 2855 666 2940 cognitum
688 2860 744 2938 est,
765 2856 829 2938 qut,
850 2873 924 2919 cum
945 2849 1192 2940 ab'aequalibus
1208 2857 1350 2950 praemio

232 2983 348 3068 dignus
380 3002 445 3046 non
476 2981 658 3065 haberetur,
686 2983 896 3064 posteriorum
918 2982 1039 3065 judicio
1063 2981 1204 3048 confisus
1227 2988 1353 3067 tragoe-

232 3109 300 3172 dias
326 3110 461 3192 tempori
485 3128 518 3173 se
542 3109 686 3173 dedicare
710 3110 937 3192 pronuntiavit.
961 3110 1068 3193 Atque
1092 3129 1163 3194 spes
1186 3129 1260 3175 eum
1285 3130 1350 3174 non

230 3234 355 3316 fefellit;
395 3237 512 3319 optimo
548 3237 632 3299 enim
664 3235 746 3318 jure,
781 3254 855 3298 cum
891 3235 975 3318 apud
1009 3235 1128 3300 inferos
1164 3243 1352 3320 moraretur,

230 3363 412 3448 praedicare
441 3363 552 3446 potuit,
583 3357 624 3424 ὅτι
659 3360 675 3432 ἡ
705 3359 816 3434 ποίησις
840 3358 908 3440 οὐχὶ
932 3360 1025 3441 {nord
1049 3359 1241 3435 συντέθνηκεν,
1267 3382 1350 3447 quae

231 3493 308 3553 sunt
337 3486 434 3564 verba
464 3487 696 3571 Aristophanis,
725 3489 780 3571 qui
804 3487 843 3550 de
866 3486 1063 3568 Aeschyleae
1086 3506 1216 3571 poeseos
1240 3489 1347 3554 indole

232 3633 266 3679 se
289 3615 517 3697 peritissimum
538 3613 677 3698 judicem
703 3613 868 3696 praestitit.

275 3739 418 3805 Eandem
438 3739 503 3805 fere
522 3740 682 3803 fortunam
703 3743 853 3823 expertus
874 3742 921 3803 est
940 3737 1112 3822 Lucienus,
1127 3741 1220 3804 cuius
1233 3741 1350 3824 scripta

232 3867 396 3950 explorare
415 3867 645 3950 ingeniumque
665 3865 850 3948 dignoscere
871 3864 949 3928 mihi
961 3865 1054 3929 estin
1067 3866 1183 3928 animo.
1196 3863 1350 3940 Quamvis

231 3995 316 4059 enim
352 3992 391 4058 ab
421 3991 608 4075 aequalibus
639 3992 753 4075 iisque,
784 3991 840 4074 qui
872 3991 998 4054 saeculo
1032 3993 1176 4075 proxime
1200 3995 1351 4076 sequenti

233 4121 437 4204 scripserunt,
467 4139 507 4185 ne
538 4120 593 4202 qui
625 4119 842 4182 nominaretur
865 4117 1003 4202 quidem,
1028 4119 1146 4203 dignus
1170 4124 1374 4205 putaretur,

233 4246 316 4331 apud
339 4251 492 4331 posteros,
517 4265 581 4330 qua
603 4245 792 4328 merebatur,
815 4243 924 4308 floruit
948 4244 1057 4330 gloria.

277 4371 359 4438 Nam
393 4372 647 4453 Byzantinorum
683 4369 888 4456 temporibus,
923 4390 996 4434 oum
1028 4372 1143 4455 scripta
1173 4376 1348 4436 ceterorum

1234 4480 1250 4532 1
