3310 5242
751 601 813 670 '31

224 817 360 882 Weidm.
384 816 484 881 Praet
508 815 588 895 XX)
612 836 630 880 a
653 814 797 880 Luciano
817 816 1007 900 abjudicant.
1027 817 1228 899 Byzantinus
1248 817 1345 883 Scho-

225 945 320 1010 liasta
337 945 378 1009 ad
397 945 527 1009 titulum
549 944 695 1008 adnotat:
717 935 797 1015 οὗτος
817 942 830 1006 ὃ
850 945 936 1021 λόγος
955 943 1033 1007 ἐνδεῖ
1049 950 1102 1018 τῆς
1121 949 1172 1008 τοῦ
1186 949 1345 1009 Λουκιανοῦ

225 1067 305 1142 ἰδέας
324 1067 375 1133 καὶ
388 1068 553 1148 ἀγχινοίας.
568 1068 648 1132 Oum
661 1074 765 1133 tamen
778 1071 813 1133 in
825 1069 906 1134 libro
922 1070 982 1151 ,de
995 1069 1172 1135 delatione''
1185 1075 1217 1134 et
1227 1072 1260 1133 in
1278 1071 1345 1153 ,ju-

224 1196 307 1260 dicio
331 1169 511 1260 roealium”
535 1195 672 1260 eundem
681 1196 809 1259 inanem
824 1194 993 1260 verborum
1008 1197 1160 1259 tinnitum
1172 1196 1344 1278 inveniam,

224 1321 265 1386 de
287 1321 451 1386 authentia
473 1320 606 1385 Hesiodi
630 1326 746 1384 certam
771 1321 953 1404 opinionem
975 1321 1218 1385 enuntiarenon
1232 1322 1343 1385 audeo

269 1445 426 1532 Denique,
445 1467 487 1512 ne
506 1448 545 1512 de
560 1449 740 1532 sophisticis
753 1447 902 1532 operibus
914 1448 1035 1513 diutius
1052 1448 1214 1530 disseram,
1227 1447 1337 1512 nullus

220 1574 286 1657 jam
310 1571 430 1656 dubito,
455 1575 533 1656 quin
557 1573 719 1638 Lucienus
744 1593 801 1658 per
819 1579 917 1638 totam
933 1574 1137 1657 juventutem
1158 1572 1342 1656 aequalium

225 1699 339 1764 studiis
362 1698 534 1763 obsecutus
557 1701 625 1784 ipse
649 1700 689 1764 ad
712 1719 822 1764 eorum
847 1700 1030 1783 exemplum
1053 1701 1138 1763 vires
1154 1697 1339 1779 excoluerit,

225 1825 311 1888 unde
334 1824 431 1889 simul
454 1829 541 1908 patet
562 1844 728 1909 perversas
752 1845 861 1890 eorum
885 1844 955 1890 esse
979 1825 1155 1909 opiniones,
1180 1824 1245 1906 qui,
1267 1842 1341 1886 cum

224 1969 369 2014 crescens
394 1951 556 2034 scriptoris
579 1952 744 2035 ingenium
764 1952 915 2036 persequi
927 1951 1207 2035 praetermiserint,
1220 1948 1341 2034 ubique

222 2075 307 2140 idem
330 2076 494 2141 satiricum
515 2077 645 2142 dicendi
668 2097 772 2162 genus
796 2082 991 2162 exspectent.

268 2202 320 2266 Ad
353 2203 447 2266 aliam
482 2223 570 2267 nunc
604 2207 803 2269 transeamus
839 2205 1066 2287 quaestionem,
1091 2204 1279 2287 quaelicet
1302 2203 1341 2268 ob

223 2333 359 2413 tempus,
382 2349 446 2412 quo
469 2329 549 2394 liber
572 2336 620 2396 est
643 2331 780 2414 scriptus
806 2329 905 2405 (anno
931 2330 1005 2412 162)
1024 2332 1059 2395 in
1079 2332 1181 2414 capite
1194 2333 1342 2415 sequenti

224 2454 351 2520 demum
376 2458 504 2520 tractari
528 2456 666 2542 deberet,
690 2463 796 2523 tamen
820 2461 948 2542 propter
970 2462 1195 2542 argumentum
1219 2458 1259 2521 ad
1271 2457 1342 2521 rhe-

223 2581 338 2645 toricas
361 2582 561 2647 laudationes
586 2585 731 2666 pertiuet.

268 2707 365 2792 Saepe
407 2708 567 2792 philologi,
611 2729 684 2773 cum
724 2710 758 2773 in
793 2711 1019 2774 controversiis
1052 2707 1222 2773 Lucianeis
1256 2710 1341 2773 vires

224 2833 388 2898 ostendere
418 2833 543 2915 vellent,
576 2853 702 2898 summa
724 2835 856 2899 audacia
879 2835 1095 2931 homines„de
1119 2833 1237 2918 quihus
1260 2834 1341 2898 nihil

223 2963 306 3024 esset
328 2965 449 3043 notum,
472 2979 529 3044 pro
553 2961 665 3025 iisdem
690 2959 880 3044 habuerunt,
903 2963 960 3045 qui
983 2961 1113 3025 aliunde
1135 2959 1228 3024 nobis
1247 2961 1340 3022 inno·

223 3089 361 3168 tuerunt,
396 3105 461 3170 eg.
494 3086 689 3152 Fritzsohius
725 3085 906 3171 Nigrinum,
931 3088 987 3171 qui
1015 3085 1090 3173 ficta
1109 3105 1244 3170 persona
1268 3103 1338 3149 esse

222 3211 356 3296 videtur,
389 3233 446 3296 pro
479 3213 597 3278 Albino
621 3213 733 3278 Galeri
758 3215 909 3298 magistro
932 3212 1026 3277 nobis
1049 3213 1231 3277 venditavit.
1258 3211 1336 3275 Oon-

222 3341 354 3403 tranium
389 3359 537 3424 errorem,
560 3360 624 3424 quo
648 3359 700 3405 res
724 3340 763 3404 ab
787 3341 874 3404 omni
898 3319 986 3424 parte
1009 3339 1192 3404 verisimilis
1215 3339 1339 3402 levissi-

224 3485 290 3530 mas
324 3465 364 3530 ob
398 3486 511 3531 causas
533 3469 568 3530 in
591 3466 726 3531 dubium
752 3471 891 3550 vocatur,
915 3467 1062 3531 videmus
1084 3468 1118 3529 in
1143 3467 1340 3550 quaestione,

224 3611 319 3675 quam
352 3611 439 3655 nunc
461 3610 638 3676 proponere
662 3587 765 3656 velim.
790 3590 955 3656 Contendo
979 3592 1063 3655 enim
1087 3589 1247 3654 Lucianeo
1273 3590 1339 3654 dia·

222 3718 303 3802 logo,
327 3720 380 3782 cui
403 3735 520 3782 nomen
544 3724 592 3782 est
613 3716 777 3801 Imagines,
799 3737 865 3781 non
883 3716 989 3781 fictam
1007 3718 1168 3801 quandam
1180 3716 1330 3782 feminam
1421 3784 1426 3794 ,

222 3843 260 3908 ab
294 3850 423 3909 auctore
456 3863 527 3909 esse
559 3843 729 3926 laudatam,
763 3843 819 3908 sed
842 3843 1018 3907 Pantheum
1041 3842 1087 3906 ibi
1112 3848 1340 3926 memoratam,

222 3972 355 4037 eandem
378 3971 487 4054 fuisse,
511 3992 609 4055 quam
635 3969 761 4035 Marcus
784 3970 939 4034 Aurelius
961 3971 999 4064 in,
1016 3971 1256 4036 commentariis
1269 3970 1337 4033 suis

222 4099 323 4182 (VIII,
358 4100 410 4182 37)
444 4102 685 4163 commemorat.
728 4096 833 4173 Quam
869 4098 1054 4181 opinionem
1090 4098 1118 4160 si
1151 4095 1339 4180 probavero,

221 4225 317 4289 simul
340 4245 432 4312 spero
454 4224 522 4289 fore
545 4229 581 4289 ut
603 4243 700 4288 causa
722 4223 872 4342 diluatur,
896 4244 959 4307 qua
983 4230 1014 4288 et
1039 4222 1093 4288 alii
1117 4228 1148 4286 et
1167 4222 1333 4288 Beklrerus

221 4352 384 4440 dialogum
407 4373 464 4439 pro
488 4353 597 4437 spurio
618 4351 815 4433 judicarunt.
