3310 5242
549 1603 762 1678 CAPUT
807 1601 1175 1677 SECUNDUM.

769 1903 961 1912 ..—

596 2161 646 2212 Du
672 2159 858 2213 OPERIBUS
884 2157 1125 2212 RHETORIOIS.

331 2365 360 2426 1.
384 2361 433 2428 De
456 2363 569 2427 studiis
590 2362 759 2444 rhetoricen,
783 2381 862 2447 qnae
886 2361 1118 2426 Antoninorum
1141 2379 1214 2424 oooo
1236 2357 1397 2437 tinebant.

350 2563 422 2628 Jam
454 2568 526 2627 ante
550 2565 784 2647 quinquaginta
807 2582 907 2626 annos
930 2583 960 2625 v.
986 2562 1014 2624 d.
1038 2560 1176 2628 Moesius
1201 2560 1422 2624 dissertatione

307 2691 513 2774 Ultrajectina
535 2691 573 2755 do
595 2690 731 2755 anr‘oni
749 2690 862 2754 stndn‘s
880 2694 908 2754 ot
928 2690 1052 2773 scriptis
1065 2687 1256 2769 jnoonilibns
1275 2685 1417 2749 omnium

306 2819 429 2902 primus
464 2822 582 2882 rectam
618 2817 658 2880 ad
691 2815 824 2880 Luciani
854 2816 1019 2899 ingenium
1051 2813 1306 2898 cognoscendum
1335 2811 1420 2873 uem

306 2944 452 3009 munivit.
488 2940 614 3026 Optimo
649 2944 735 3006 euim
766 2943 855 3025 jure,
878 2946 947 3005 tum
979 2941 1107 3004 demum
1140 2941 1193 3004 de'
1209 2939 1420 3022 posteriorum

306 3070 502 3154 dialogorum
538 3069 670 3132 consilio
697 3070 822 3151 justum
853 3067 921 3132 fieri
952 3086 1045 3151 posse
1072 3066 1230 3148 judicium
1254 3063 1423 3145 intellexit,

306 3217 379 3261 oum
404 3215 485 3280 quae
507 3194 670 3259 Lucienus
694 3195 854 3258 rhetorum
870 3194 1015 3259 aemulus
1028 3193 1225 3276 praestiterit,
1238 3189 1422 3274 expeditum

307 3326 398 3388 esset.
421 3321 596 3405 Postquam
620 3323 730 3405 igitur·
742 3322 849 3384 omnia
872 3321 1027 3384 rhetorica
1047 3338 1141 3402 opera
1161 3317 1287 3401 collegit
1299 3335 1424 3380 eorum-

308 3468 370 3532 que
404 3453 591 3532 argumenta
625 3447 805 3531 explicavit,
830 3428 912 3510 hanc
943 3465 1068 3510 omnem
1101 3446 1265 3508 materiem
1287 3444 1332 3507 ita
1355 3459 1421 3505 uno

307 3578 478 3658 conspectu
506 3565 701 3657 'complexus
731 3577 787 3654 est,
818 3577 854 3635 ut
884 3572 976 3636 facile
998 3571 1116 3655 percipi
1139 3574 1253 3654 posset,
1279 3568 1356 3652 quid
1381 3568 1419 3632 de

306 3699 441 3765 Luciani
460 3699 589 3782 juvenis
613 3699 729 3763 studiis
748 3698 958 3781 judicandum
982 3702 1072 3762 esset.

349 3826 521 3910 Intellegis,
551 3826 658 3908 lector,
685 3829 881 3909 quantopere
904 3824 1074 3889 dolendum
1099 3826 1148 3906 sit,
1172 3824 1257 3908 quod
1281 3822 1421 3886 Meesiue

305 3952 379 4017 licet
401 3953 590 4037 promiserit,
612 3951 718 4015 nulles
741 3956 849 4034 postea
872 3951 911 4015 de
933 3949 1068 4014 Lucieni
1080 3950 1212 4060 dialogis
1224 3949 1419 4014 lucubratio-

304 4097 363 4143 nee
385 4079 419 4141 in
443 4077 560 4162 vulgus
583 4077 724 4142 ediderit.
746 4076 903 4160 Philologi
923 4077 1016 4159 enim,
1038 4077 1093 4160 qui
1112 4080 1416 4160 posteacontrover-

304 4203 368 4268 sias
391 4203 430 4268 de
453 4202 656 4287 chronologia
677 4181 780 4287 deque
802 4203 934 4268 consilio
947 4203 1093 4268 dirimere
1105 4201 1307 4291 studuerunt,
1320 4202 1418 4266 variis

303 4329 385 4414 lapsi
415 4334 492 4394 sunt
515 4329 683 4407 erroribus
716 4330 759 4393 ita
783 4333 820 4392 ut
843 4329 882 4394 de
906 4327 1037 4393 [meieni
1062 4348 1193 4412 operum
1216 4327 1415 4413 temponbus
