3328 5234
750 605 813 669 107

229 809 263 874 ἕκ
292 813 344 875 τοῦ
373 817 534 878 Λουκιανοῦ
564 813 662 893 λύγου,
684 815 715 889 ὃς
738 815 956 899 ἐπιγέγραπται
978 823 1086 893 Λούκις
1108 819 1124 894 ά
1148 817 1249 906 Ὀνος,
1271 821 1287 898 ἢ
1312 825 1345 889 ἐκ

230 939 286 1000 τῶν
309 938 431 1003 Λουκίου
454 938 548 1018 λύγων
571 943 730 1023 Λουκιανῷ.
755 941 826 1008 ἔοικε
849 945 880 1009 δὲ
902 947 1019 1023 μάλλον
1043 947 1057 1011 ί
1079 948 1237 1021 Λουκιανὸς
1250 972 1346 1026 μετα-

229 1059 382 1142 γράφοντι,
407 1061 469 1128 ὅσον
492 1064 625 1147 εἰκάζειν.
649 1068 694 1140 τίς
717 1068 774 1150 γάρ
796 1068 889 1151 χρόνῳ
912 1069 1113 1152 πρεσβύτερος,
1137 1071 1213 1137 ούπω
1238 1072 1348 1152 ἔχομεν

230 1191 347 1266 γνῶναι.
369 1187 421 1253 καί
444 1189 502 1271 γάρ
526 1193 563 1264 nic
585 1192 645 1257 άπὸ
669 1191 801 1267 πλάτους
823 1199 880 1259 τῶν
907 1196 1026 1261 Λουκίου
1044 1195 1139 1276 λύγων
1158 1197 1171 1261 ὁ
1191 1199 1349 1272 Λουκιανὸς

229 1313 438 1388 άπολεπτύνας
468 1316 517 1380 καί
546 1317 690 1399 περιελύν,
720 1318 776 1384 dra
805 1319 849 1399 μὴ
872 1319 961 1386 ἐδίκει
984 1323 1064 1402 αύτῷ
1087 1323 1156 1404 πρδς
1180 1325 1227 1389 τὸν
1251 1325 1350 1390 οἰκεῖον

228 1441 365 1520 χρήσιμα
394 1442 512 1521 σκοπύν,
542 1446 652 1516 αὐταῖς
683 1469 716 1510 τε
746 1443 843 1520 λέξεσι
873 1446 925 1512 καί
956 1444 1127 1522 συντάξεσιν
1157 1449 1197 1521 είς
1228 1448 1279 1513 ἕνα
1307 1450 1348 1514 τά

231 1567 320 1632 λοιπά
350 1567 536 1651 συναρμόσας
566 1569 662 1650 λύγον,
693 1576 803 1645 Λούκις
833 1571 849 1648 ἢ
883 1569 974 1644 ”Orac
1004 1573 1157 1655 ἐπέγραψε
1184 1575 1217 1639 τδ
1247 1575 1349 1640 ἕκείίεν

232 1693 416 1769 ύποσυλκίέν.
446 1694 532 1774 γέμει
563 1696 595 1761 δὲ
620 1697 634 1761 c‘
656 1696 791 1778 ἑκατέρου
810 1697 900 1777 λύγος
923 1697 1112 1776 πλασμάτων
1137 1699 1192 1777 μὲν
1215 1701 1349 1786 μυθικῶν,

232 1821 429 1900 άρρκτοποιίασ
465 1821 496 1886 δὲ
530 1823 668 1905 αἰσχράς.
698 1823 776 1896 πλὴν
806 1825 820 1889 o‘
851 1824 906 1902 μὲν
937 1824 1095 1897 Λουκιανὸς
1126 1824 1266 1889 σκάπτων
1297 1823 1350 1889 καί

232 1946 369 2029 διασύρων
399 1949 451 2023 τὴν
482 1951 655 2024 Ἑλλωρνικδρν
687 1949 919 2029 δεισιδαιμονίαν,
952 1948 1045 2030 ὥσπερ
1076 1951 1132 2014 κάν
1155 1957 1213 2024 τοῖς
1237 1948 1348 2024 άλλοισ,

230 2073 279 2138 καί
312 2077 410 2140 τοῦτον
440 2074 626 2160 συνέταττεν,
657 2077 671 2141 ί
700 2074 731 2141 δὲ
762 2076 882 2149 Λούκιος
912 2074 1084 2156 σπουδάζων
1106 2100 1139 2140 τε
1161 2074 1213 2140 καί
1238 2075 1348 2148 πιστάς

169 2187 172 2196 ’
231 2197 352 2280 νομίζων
382 2199 439 2273 τάς
468 2197 502 2276 ἐξ
531 2199 683 2283 άνύρύπων
713 2202 752 2275 είς
782 2201 931 2276 άλλιίλους
959 2201 1213 2283 μεταμορφώσεις,
1236 2200 1293 2271 τάς
1316 2226 1349 2266 τε

233 2321 267 2399 ἐξ
306 2322 423 2404 άλύγων
457 2327 496 2400 είς
529 2327 691 2408 άνύρύπους
725 2331 777 2392 καὶ
808 2326 966 2412 άνάπαλιν,
1000 2327 1053 2392 καί
1086 2328 1135 2392 τδν
1170 2326 1260 2392 άλλον
1294 2332 1350 2393 τῶν

232 2454 366 2515 παλαιῶν
389 2451 486 2530 μύθων
508 2449 591 2517 ύύλον
614 2451 665 2517 καί
689 2451 850 2536 φλύναφον
872 2459 976 2536 γραφῇ
1000 2453 1153 2536 παρεδίδου
1175 2458 1276 2519 ταῦτα
1298 2452 1351 2518 καί

233 2576 418 2659 συνύφαινεν.

275 2705 351 2771 Jam
374 2708 409 2771 in
432 2709 533 2792 capite
555 2709 660 2792 primo
684 2709 750 2773 mei
771 2707 855 2791 libri,
880 2728 978 2793 quam
1004 2707 1139 2773 obscura
1154 2713 1186 2773 et
1199 2707 1348 2792 ambigua

233 2830 340 2896 Photii
370 2831 469 2897 verba
498 2833 538 2898 de
567 2831 703 2898 lanciani
733 2853 849 2918 genere
879 2833 1040 2900 scribendi
1068 2838 1183 2916 essent,
1207 2832 1352 2897 animad-

233 2960 324 3041 verti,
356 2977 461 3043 neque
491 2959 551 3023 hoc
581 2961 804 3024 testimonium
837 2960 876 3026 de
906 2961 1009 3025 Asino
1034 2961 1137 3044 magis
1161 2965 1209 3024 est
1231 2960 1351 3044 perspi-

233 3103 343 3167 cuum,
364 3085 409 3148 ita
431 3089 467 3149 ut
490 3103 553 3167 cos,
576 3087 634 3169 qui
657 3086 767 3149 omnia
788 3087 988 3170 interpretari
1007 3085 1135 3168 vellent,
1155 3085 1195 3149 ad
1208 3085 1350 3148 diversas

233 3210 402 3275 devenisse
425 3211 599 3295 opiniones„
621 3210 714 3276 facile
735 3212 910 3296 intellegas.

278 3335 363 3412 Quid
393 3338 479 3401 enim
510 3335 646 3400 Photius
676 3337 714 3401 de
737 3336 865 3401 duobus
887 3336 978 3401 libris
1002 3358 1020 3402 a
1043 3338 1190 3402 selectis
1214 3335 1350 3401 statuit?

208 3461 368 3546 'Lucium
391 3462 577 3528 Patrensem
599 3464 705 3526 varios
729 3461 1026 3549 Metamorphoseon
1051 3462 1158 3546 libros,
1179 3464 1235 3547 qui
1256 3465 1352 3528 mira-

232 3588 350 3654 bilibus
370 3590 589 3674 superstitiese
605 3589 740 3652 narratis
753 3594 917 3671 scaterent,
930 3590 1095 3672 scripsisse
1108 3589 1193 3654 dicit.
1207 3587 1350 3665 Quarum

232 3714 527 3801 Metamorphoseon
569 3715 650 3779 duos
691 3717 813 3799 priores
856 3714 955 3779 libros
991 3715 1134 3779 eiusdem
1170 3717 1350 3799 argumenti

231 3840 331 3906 fuisse
354 3841 501 3924 declarat,
523 3842 559 3905 iu
582 3859 646 3925 quo
669 3838 1158 3904 fabulaLucianeavcrsabetur.
1171 3839 1350 3904 Lucienum

232 3973 340 4034 umen
369 3970 490 4054 amplas
521 3971 718 4034 narrationes
750 3967 988 4032 circumcidisse
1014 3972 1111 4050 atque
1134 3969 1245 4051 multa,
1268 3987 1350 4052 quac

232 4092 295 4159 sibi
327 4114 392 4159 uon
427 4114 509 4180 opus
543 4114 613 4160 esse
646 4098 780 4179 putaret,
814 4095 968 4174 omisisse,
1002 4098 1105 4158 cetera
1135 4112 1211 4158 vero
1242 4094 1351 4167 αὐτοῖς

232 4217 328 4293 λέξεσι
351 4218 403 4284 καί
426 4217 597 4295 συντάξεσιν
619 4223 655 4284 in
678 4240 770 4286 suam
793 4219 935 4284 fabulam
958 4221 1162 4285 transtulisse
1182 4221 1269 4286 dicit.
1289 4220 1352 4287 Sed

234 4368 307 4412 cum
332 4347 451 4412 Lucius
474 4346 637 4412 Patrensis
656 4347 875 4436 superstitiose
894 4352 1064 4431 narrasset,
1076 4346 1238 4411 Lucienus
1250 4346 1350 4410 σκύπ-
