3310 5242
758 611 799 674 29

209 842 243 906 p.
272 822 331 885 36:
367 820 505 903 ,Lucian
528 820 634 884 wollte
656 821 690 883 in
713 820 834 885 diesem
856 820 942 884 Tone
964 819 1128 884 schreiben
1154 837 1208 883 um
1235 819 1337 884 durch

210 946 449 1031 Naohahmung
472 946 540 1010 und
561 944 767 1010 absichtliche
792 944 1049 1029 Uebertreibnng
1073 944 1123 1008 die
1144 943 1337 1010 Schriftstel-

210 1073 265 1136 ler
286 1093 329 1137 zu
351 1077 541 1156 verspotten,
564 1072 599 1134 in
624 1071 721 1135 deren
747 1069 966 1135 Lobschriften
991 1070 1072 1134 iiber
1106 1070 1156 1134 die
1175 1069 1339 1134 Pantomi-

211 1198 286 1261 mik
306 1198 357 1262 die
375 1198 572 1262 seltsamsten
594 1194 698 1280 Dinge
718 1195 923 1260 vorkamen.''
944 1194 1014 1271 Quo
1027 1199 1133 1259 autem
1148 1199 1337 1280 argumento

212 1325 301 1388 hanc
324 1326 480 1388 satiricam
505 1323 622 1406 dialogi
643 1321 784 1386 indolem
805 1322 1012 1406 comprobare
1032 1321 1161 1404 vellent,
1180 1323 1242 1385 viri
1254 1321 1339 1385 docti

211 1451 359 1515 indicare
392 1451 639 1534 supersederunt
673 1453 703 1513 et
738 1450 816 1512 mihi
850 1449 994 1513 nondum
1030 1452 1184 1533 apparuit.
1228 1448 1332 1513 Immo

215 1581 387 1660 procerte
413 1575 569 1640 affirmare
592 1575 692 1639 audeo
718 1573 888 1659 dialogum,
913 1595 977 1660 quo
1000 1573 1152 1658 Lucinus,
1176 1575 1248 1656 (sub
1275 1595 1339 1658 qua

216 1720 356 1785 persona
386 1703 454 1785 ipse
486 1699 648 1764 Lucianus
683 1699 769 1779 latet)
805 1705 904 1763 artem
940 1701 1117 1765 saltationis
1149 1699 1338 1764 eOratonis

217 1825 387 1890 cuiusdam
419 1825 607 1890 criminibus
641 1824 807 1889 defendere
832 1824 973 1909 fingitur,
997 1846 1061 1889 non
1086 1828 1214 1890 satiram
1238 1825 1339 1890 fuisse

220 1952 278 2017 sed
311 1954 418 2036 potius
448 1951 488 2015 ad
519 1953 761 2036 sophisticarum
792 1951 1011 2016 laudationum
1044 1971 1113 2016 esse
1135 1951 1336 2016 referendum

221 2096 333 2161 genus.
356 2075 390 2140 Si
414 2079 499 2140 enim
522 2075 638 2140 Lucini
662 2075 768 2140 verbis
787 2077 914 2141 credere
933 2077 1016 2160 licet,
1037 2077 1166 2142 mimica
1186 2098 1238 2142 ars
1262 2096 1338 2162 prae

221 2202 383 2287 tragoedia
403 2207 435 2266 et
452 2177 614 2266 comoedia
625 2203 865 2287 et·gymnastica
878 2202 1046 2286 disciplina
1061 2202 1199 2268 multum
1212 2203 1338 2268 excellit

222 2333 319 2412 atque
338 2349 402 2392 una
422 2333 471 2393 est
489 2329 528 2392 ad
548 2330 712 2393 hominum
735 2348 836 2392 mores
856 2328 1098 2394 conformandos
1110 2330 1338 2395 efficacissima.

222 2454 296 2517 Alia
317 2473 368 2518 res
393 2473 521 2538 quoque
544 2453 636 2518 nobis
660 2456 808 2538 suppetit,
828 2474 918 2537 quae,
939 2456 1050 2539 quanti
1063 2454 1225 2538 [lucianus
1238 2461 1338 2520 artem

222 2581 393 2643 mimorum
427 2579 546 2662 fecerit,
579 2580 686 2644 lucide
721 2580 874 2661 declarat,
908 2582 943 2643 in
978 2580 1075 2644 altera
1106 2583 1190 2646 enim
1203 2582 1339 2686 ,dialogi

222 2709 312 2789 parte
341 2707 468 2791 longam
496 2705 677 2770 fabularum
706 2708 907 2770 mimicarum
931 2709 1045 2771 seriem
1070 2707 1237 2793 diligenter
1260 2729 1338 2773 enu-

223 2837 331 2914 merat,
360 2831 418 2894 ubi
448 2833 581 2916 scriptor
611 2852 670 2896 nos
702 2832 801 2915 docet,
832 2852 1052 2916 quascumque
1081 2833 1205 2899 fabulas
1229 2841 1338 2919 poetae

223 2958 304 3041 epici
338 2957 411 3020 olim
444 2962 658 3040 cantaverant,
688 2959 898 3041 pantomimos
929 2958 1166 3023 Antoninorum
1202 2979 1279 3024 aevo
1304 2965 1340 3024 ut

224 3082 367 3146 saltando
391 3085 605 3167 exprimerent
630 3083 800 3148 studuisse.
824 3082 894 3159 Qua
917 3086 951 3147 in
976 3090 1042 3148 arte
1066 3091 1223 3169 quantum
1237 3089 1340 3150 sceni-

224 3209 269 3272 cis
305 3210 499 3272 ornamentis
535 3180 639 3291 adjuti
664 3211 827 3273 consecuti
855 3211 927 3292 sint,
949 3209 1040 3274 facile
1063 3231 1213 3295 apparere
1236 3217 1340 3296 potest

224 3353 266 3398 ex
288 3336 492 3398 ornatissima
516 3334 732 3418 descriptione,
756 3355 852 3418 quam
872 3336 1031 3419 Apuleius
1052 3338 1086 3400 in
1106 3336 1340 3421 Metamorpho-

224 3458 312 3523 sibus
336 3459 393 3542 (X.
420 3461 562 3544 29-33)
588 3461 626 3524 de
649 3458 756 3524 fabula
778 3460 902 3525 Paridis
926 3461 947 3524 J
950 3462 1054 3526 udicio
1077 3462 1170 3526 nobis
1190 3464 1284 3528 dedit.

267 3585 402 3670 Egregie
433 3588 533 3671 igitur
562 3587 683 3651 fallitur
714 3607 743 3649 v.
774 3587 802 3650 d.
834 3587 1008 3652 Schulzeus
1021 3587 1056 3671 ¹),
1080 3591 1144 3672 qui,
1167 3609 1240 3652 cum
1264 3609 1340 3654 nos-

224 3716 305 3776 tram
344 3713 602 3777 declamationem
637 3712 676 3775 ab
711 3711 853 3776 Lucieno
886 3714 1089 3797 abjudicaret,
1124 3717 1170 3778 sic
1194 3717 1339 3799 scripsit:

228 3837 290 3920 ,Es
323 3839 399 3923 liegt
434 3838 492 3903 auf
524 3838 579 3902 der
612 3838 718 3920 Hand,
753 3838 825 3903 dass
861 3859 896 3904 so
919 3840 1067 3905 seltsame
1089 3841 1266 3905 Ansichten
1290 3844 1335 3905 im

225 3963 308 4030 Tone
343 3965 399 4029 der
429 3964 686 4050 Ueberzeuguug
708 3971 926 4050 vorgetragen,
949 3966 1021 4030 dem
1044 3987 1107 4030 von
1130 3967 1259 4052 Jugend
1283 3968 1341 4032 eui

226 4090 282 4154 mit
304 4091 517 4174 griechischer
539 4089 710 4155 Litteratur
727 4090 954 4176 beschtiftigten
973 4091 1191 4178 autgekldrten
1212 4092 1335 4160 Lucian

227 4269 371 4278 ——n-

257 4373 285 4440 1)
303 4375 354 4426 cn.
372 4375 455 4440 Fleck,
473 4375 560 4426 tame.
577 4371 636 4435 tea,
652 4389 676 4439 p.
693 4371 752 4425 aaa.
