3328 5234
670 575 817 637 ·95

279 785 316 848 Iu
351 786 469 869 quibus
505 787 655 851 omnibus
690 787 825 870 dialogis
855 805 919 849 non
950 785 1085 850 Luciani
1107 788 1255 871 aequales
1278 807 1348 872 per-

235 913 443 996 stringuntur,
465 913 520 977 sed
545 915 669 996 antiqui
681 912 742 994 dei,
754 911 952 977 venerabiles
964 914 1152 998 philosophi,
1163 916 1348 998 pracsertim

234 1043 338 1102 autem
362 1057 444 1100 vana
467 1039 648 1102 mortalium
673 1039 778 1102 studia
803 1037 1001 1102 Comioorum
1027 1040 1077 1102 vel
1102 1039 1349 1123 Menippimodo

232 1163 313 1226 risui
335 1163 510 1227 traduntur.

277 1289 315 1352 In
345 1289 402 1354 Bis
433 1291 593 1354 Accusato
626 1290 753 1353 demum
782 1291 814 1352 in
838 1289 1012 1373 flagitiosos
1037 1290 1185 1373 aequales
1208 1290 1349 1353 animad-

233 1419 355 1478 vertere
389 1416 550 1499 simulque
584 1413 756 1479 honorifice
781 1415 820 1478 de
842 1414 1042 1499 philosophia
1064 1415 1153 1498 loqui
1176 1417 1286 1499 coepit.
1310 1415 1349 1479 in

232 1538 400 1623 Piscatore,
436 1543 493 1626 qui
528 1541 673 1625 dialogus
708 1539 881 1604 secundam
915 1546 1049 1606 aetatem
1084 1541 1212 1624 claudit,
1244 1542 1347 1625 palam

234 1669 381 1760 antiquos
415 1667 619 1751 philosophos
655 1687 689 1730 se
723 1667 825 1730 colere
857 1665 942 1749 dicit,
973 1672 1004 1731 et
1028 1686 1061 1730 se
1084 1667 1123 1730 ab
1146 1687 1183 1731 eo
1206 1674 1349 1751 tempore

234 1793 325 1874 quasi
348 1811 511 1857 censorem
534 1793 684 1875 aequales
708 1797 890 1856 notaturum
915 1811 984 1856 esse
1007 1794 1172 1875 promittit.

277 1917 407 2002 Origine
438 1924 544 1983 autem
574 1925 605 1983 et
636 1921 864 2002 compositione
895 1919 1093 2002 dialogorum
1118 1919 1254 2002 cognitis
1278 1919 1349 1982 illos

233 2045 313 2107 nihil
343 2048 406 2110 nisi
437 2046 611 2110 rhetoricae
643 2039 828 2129 disciplinae
853 2047 1027 2127 specimina
1046 2045 1188 2128 putanda
1209 2063 1278 2108 esse
1302 2046 1350 2106 in-

232 2171 420 2255 tellegimus.
458 2161 559 2248 Quam
585 2177 731 2236 naturam
756 2191 792 2236 eo
817 2191 946 2254 quoque
970 2172 1186 2236 demonstrare
1208 2191 1350 2255 possum,

234 2299 318 2380 quod
345 2297 507 2363 Lucianus
531 2300 640 2363 eodem
664 2303 814 2383 tempore,
837 2319 920 2362 anno
944 2318 1059 2381 nempe
1084 2299 1157 2380 162,
1180 2298 1349 2383 imagines

232 2423 443 2488 laudationem
468 2427 502 2487 in
526 2425 686 2489 Pantheae
709 2425 869 2505 honorem,
888 2425 1049 2489 rhetorum
1064 2445 1150 2489 more
1163 2427 1348 2509 composuit.

275 2548 397 2615 Deinde
431 2554 465 2614 in
499 2551 674 2616 Rhetorum
709 2551 925 2634 Praeceptum,
958 2571 1054 2635 quem
1086 2552 1204 2616 librum
1240 2558 1349 2615 contra

232 2682 379 2761 aequales
412 2684 485 2762 post
518 2681 656 2743 comicos
691 2684 721 2743 et
754 2681 886 2769 cynicos
917 2681 1059 2763 dialogos
1091 2681 1244 2764 scriptum
1279 2698 1349 2743 esse

233 2805 269 2885 (ἑ
284 2805 358 2886 165)
388 2807 421 2867 in
454 2807 600 2888 sequenti
625 2807 725 2888 capite
748 2804 939 2882 videbimus,
962 2825 996 2870 se
1020 2812 1084 2868 non
1109 2805 1164 2868 diu
1189 2810 1270 2877 ante,
1294 2804 1350 2867 sed

232 2952 334 3016 nuper
353 2931 552 2995 Rhetoricam
574 2933 752 2996 deseruisse
772 2934 937 2996 verissime
958 2933 1040 2996 dixit
1059 2930 1135 3016 (ἐγὼ
1153 2930 1184 2994 δὲ
1196 2928 1350 3006 παύσομαι

233 3065 268 3136 τῇ
292 3059 418 3136 ῥητορικῇ
442 3054 635 3138 ἐπιπολάζων,
659 3059 775 3133 μᾶλλον
800 3055 831 3121 δὲ
854 3055 908 3130 ἤδη
935 3057 1115 3142 πέπαυμαι)
1143 3059 1216 3141 (26).

274 3181 452 3246 Lucianum
483 3185 590 3267 igitur,
621 3203 694 3247 cum
727 3203 761 3247 se
792 3184 1081 3267 quadragenarium
1104 3184 1349 3248 declamationes

232 3303 404 3371 descrendo
449 3310 542 3371 etiam
579 3306 780 3372 Rhetoricam
817 3309 997 3374 deseruisse
1031 3311 1062 3373 in
1097 3308 1154 3373 Bis
1188 3310 1348 3373 Accusato

232 3433 356 3514 diceret,
387 3435 555 3496 mentitum
588 3452 657 3497 esse
680 3434 828 3498 videmus
853 3439 883 3499 et
907 3437 1218 3519 quinquagenarium
1242 3437 1349 3518 potius

229 3555 397 3622 Rhetorica
421 3557 459 3621 ab
485 3561 571 3622 omni
595 3566 682 3642 parte
707 3561 817 3625 relicta
840 3579 1003 3625 censorem
1028 3562 1209 3643 aequalium
1232 3561 1349 3624 factum

229 3701 297 3746 esse
321 3683 441 3766 optimo
461 3684 534 3764 jure
559 3684 662 3749 dicere
685 3703 869 3768 possumus.
