3310 5242
820 547 862 610 40

329 764 407 828 Tox.
441 763 491 826 13.
526 757 722 842 νραμμάτειά
752 783 786 823 τε
815 758 963 840 εἰσεφοίτα
989 761 1067 840 αὐτῷ
1088 760 1169 843 ταρά
1191 767 1244 835 τῆς
1266 759 1400 839 γυναικδς

285 885 338 951 καὶ
360 885 499 969 στέφανοι
519 883 714 965 ἡμιμάραντοι
735 883 787 948 καὶ
809 882 894 962 μῆλά
912 908 976 949 τινα
996 884 1225 965 ἀποδεδηγμένα
1244 884 1295 950 καὶ
1309 883 1400 958 ἄλλα,

286 1011 379 1078 άτοσα
402 1012 433 1076 αἱ
457 1009 621 1091 μαστροποί
644 1018 705 1077 τοῖς
729 1009 797 1083 νέοις
820 1012 1072 1090 ἐπιμηχανῶνται.

332 1139 507 1222 Alciphron
529 1140 556 1202 3.
570 1138 620 1201 62.
634 1140 662 1201 2.
684 1137 714 1200 οὐ
735 1136 792 1217 γάρ
814 1135 964 1214 βούλομαι
978 1137 1079 1236 χείρων
1097 1143 1225 1218 φανῆναι
1237 1142 1292 1202 τῶν
1303 1141 1401 1217 κυνῶν,

288 1261 319 1329 αἳ
348 1269 404 1328 τῶν
434 1264 593 1344 τρεφόντων
626 1267 864 1342 σροφνλακτοῦσι
895 1262 946 1327 καὶ
970 1264 1112 1338 κη’δονται.
1138 1265 1244 1345 μοιχὸς
1267 1270 1409 1344 πολιορκεῖ

620 1384 719 1452 τοῦτον
731 1388 956 1469 γραμματείδια
968 1389 1104 1470 ὁσημέραι
1116 1395 1206 1472 φοιτρῖ
1219 1389 1312 1470 δίίυρα
1325 1388 1405 1470 παρά

288 1523 342 1590 τῆς
372 1523 511 1594 γαμετῆς
541 1519 591 1579 τοῦ
613 1513 767 1596 τρέφοντος
792 1513 872 1592 ἡμᾶς
896 1513 948 1579 καί
974 1514 1114 1596 στέφανοι
1137 1515 1332 1598 ἡμιμάραντοι
1353 1513 1405 1580 καί

290 1648 378 1719 μῆλα
401 1639 639 1717 άτιοδεδηνμένα.

335 1767 423 1832 Licet
454 1768 575 1832 Kookio
600 1768 782 1850 concedam,
806 1788 967 1852 nusquam
991 1771 1025 1832 in
1050 1768 1242 1834 Graecorum
1269 1774 1300 1833 et
1322 1766 1407 1831 Lati-

251 1983 252 1987 *
292 1915 408 1958 norum
452 1895 576 1976 litteris,
614 1895 677 1957 nisi
710 1894 760 1956 his
796 1893 922 1958 duobus
957 1894 1036 1958 loeis
1071 1895 1142 1958 illas
1178 1892 1409 1958 semiflaooidas

294 2021 426 2086 corollas
458 2021 604 2096 inveniri,
634 2021 779 2104 graviora
805 2023 913 2083 tamen
946 2019 1081 2102 obstant,
1106 2022 1280 2104 quominus
1302 2038 1408 2083 unum

295 2167 331 2210 ao
366 2147 504 2210 eundem
540 2145 661 2210 fontem
696 2145 873 2209 admittam.
904 2146 1002 2229 Apud
1029 2145 1208 2210 Luoianum
1233 2165 1337 2210 sermo
1362 2149 1412 2209 est

296 2271 334 2335 de
358 2291 469 2352 uxore,
493 2290 574 2354 quae
597 2272 724 2335 conscio
750 2271 862 2334 marito
882 2271 1118 2355 imprudentem
1130 2273 1281 2354 juvenem
1297 2290 1407 2335 amore

294 2396 356 2460 sibi
387 2396 534 2476 devinxi3
568 2395 653 2479 apud
677 2395 904 2480 Aloiphronem
929 2415 1004 2460 vero
1028 2395 1132 2460 fidelis
1156 2397 1314 2480 parasitus
1338 2415 1412 2460 oon-

295 2521 510 2604 suetudinem,
534 2541 631 2605 quam
653 2521 777 2585 domini
796 2541 880 2586 uxor
900 2541 975 2586 oum
996 2523 1138 2587 adultero
1158 2523 1240 2586 olam
1262 2524 1409 2586 contraxi

295 2649 439 2732 detegere
462 2648 532 2711 vult
554 2651 694 2732 patrono.

341 2774 464 2839 Deinde
487 2781 649 2858 comparat
671 2774 830 2840 Koekius:

340 2899 417 2964 Tox.
455 2901 514 2964 15:
546 2897 586 2962 τά
621 2899 676 2977 μέν
711 2899 768 2980 γάρ
800 2900 875 2981 δῶρα
907 2901 937 2964 οὐ
962 2899 1041 2973 κατά
1066 2907 1151 2978 μῆλα
1174 2898 1227 2964 καί
1251 2898 1416 2980 στεφάνους

298 3024 463 3114 άνρεδίδοτο
486 3025 562 3104 αὐτῇ
586 3023 670 3088 aaut
693 3024 829 3089 συνοικίαι
852 3023 916 3090 ίλαι
941 3023 992 3089 καὶ
1014 3023 1098 3104 appo>
1121 3022 1172 3088 καί
1197 3023 1415 3105 ίεράιιαιναι.....

299 3153 327 3216 έν
352 3151 465 3232 βραχεῖ
485 3151 497 3214 ὃ
521 3149 656 3223 Λύσωνος
680 3145 752 3223 οἶκος
775 3152 1010 3228 ὀνομαστότατος
1030 3152 1085 3213 τῶν
1104 3150 1133 3213 ἐν
1153 3149 1246 3232 Ἰωνίρι
1264 3149 1416 3227 γενόμενος

298 3274 457 3352 ἐξήντλητο
482 3275 535 3350 ἤδη
560 3273 612 3340 καί
636 3272 829 3350 ἐξεκεκένωτο.

343 3404 412 3467 Alc.
447 3404 474 3466 3.
490 3405 548 3466 50:
581 3401 701 3482 οὐρίῳ
732 3401 903 3465 δατανάται
926 3400 965 3472 εἰς
988 3398 1080 3472 αὐτην
1103 3399 1223 3481 χρυσίον
1246 3399 1341 3479 μόνον,
1364 3397 1416 3462 καὶ

300 3526 427 3608 άρνάριον
450 3527 520 3590 ἄλλ’
545 3525 598 3600 ἤδη
623 3523 674 3590 καί
697 3526 838 3598 συνοικίας
862 3523 912 3590 καί
934 3524 1056 3606 άνροάς.
1072 3576 1079 3590 .
1093 3573 1122 3588 ..
1146 3526 1203 3603 ἐγὼ
1223 3525 1253 3589 δὲ
1273 3525 1417 3600 ὀδυνῶμαι

300 3653 353 3726 τὴν
388 3652 507 3734 καρδίαν
538 3652 604 3734 ὁρῶν
636 3651 803 3734 ὑπορρέοντα
835 3657 975 3741 τοσοῦτονΙ
993 3656 1127 3724 πλοῦτον,
1152 3648 1181 3715 δν
1207 3651 1230 3716 οἱ
1252 3658 1418 3732 μακαρίτου

301 3781 380 3861 αὐτῷ
404 3779 517 3852 Λυσίας
540 3777 589 3842 καὶ
616 3776 804 3860 Φανοστράτη
830 3777 994 3843 κατέλιοιον.

345 3908 547 3992 Argumenta
572 3906 746 3971 admodum
771 3905 888 3970 similia
912 3910 1005 3985 sunt3
1030 3905 1115 3989 apud
1136 3910 1312 3988 utrumque
1328 3905 1416 3987 juve·

302 4035 353 4097 nis
378 4035 500 4097 amicae
524 4052 587 4096 nou
611 4052 708 4116 parva
733 4051 869 4097 munera
892 4031 947 4095 sed
968 4029 1111 4102 συνοικίας
1132 4024 1418 4112 καίάνροιίςάοωοί,

303 4179 379 4223 oum
403 4160 488 4243 apud
511 4159 691 4224 Luoianum
713 4157 850 4240 Lysonis
873 4150 1050 4242 ofaon‚apud
1064 4158 1290 4242 Aloiphronem
1303 4155 1419 4239 Lysiae

302 4286 428 4360 πλοῦτος
448 4286 567 4350 interit.
669 4282 673 4293 ¹
