3310 5242
529 1681 742 1756 CAPUT
778 1682 1090 1759 TERTIUM.

287 2289 336 2342 Du
361 2289 542 2344 DIALOGIS
568 2289 718 2344 comme
745 2292 790 2344 ET
817 2291 1015 2368 summme,
1042 2292 1084 2345 IN
1110 2291 1249 2353 QUIBUS
1275 2292 1328 2367 DI,

434 2412 674 2490 PHILOSOPHI‚
701 2413 882 2467 HOMINUM
908 2414 1017 2467 VANA
1044 2414 1183 2468 STUDIA
1250 2373 1256 2386 ἡ

686 2536 928 2590 GARPUNTUR.

465 2755 494 2822 1.
517 2753 567 2820 De
588 2755 728 2820 uirorum
750 2755 905 2820 doctorum
926 2755 1148 2839 discrepantia.

296 2966 488 3052 Magnopere
517 2985 635 3048 vereor,
660 2967 705 3028 mi
727 2965 834 3047 lector,
856 2985 897 3030 ne
920 2984 972 3031 me
995 2969 1179 3050 arroganter
1201 2970 1232 3030 et
1255 2967 1365 3029 incon·

254 3093 387 3158 siderate
417 3094 519 3176 egisse
549 3097 651 3176 putee,
684 3093 740 3176 qui
771 3094 1017 3157 controversiam
1050 3093 1225 3156 multorum
1251 3092 1366 3157 studiis

224 3259 227 3264 -
253 3219 446 3302 exploratam
470 3237 575 3302 neque
598 3223 703 3282 tamen
727 3218 766 3282 ad
789 3217 886 3282 finam
910 3218 1094 3302 perductam
1115 3237 1166 3282 me
1185 3219 1364 3283 diluturum

253 3345 406 3428 pollicear.
438 3345 525 3409 Licet
554 3346 639 3409 enim
669 3364 725 3428 per
755 3345 922 3428 sexaginta
954 3365 1056 3410 annos
1078 3345 1209 3429 plurimi
1232 3347 1367 3429 scripto·

251 3489 302 3534 res
325 3490 449 3535 summa
471 3470 628 3534 industria
650 3469 726 3533 huia
748 3469 954 3534 incubuerim
974 3471 1109 3554 negotio,
1128 3475 1165 3534 ut
1177 3474 1365 3554 statuerent,

253 3612 316 3676 quo
347 3594 456 3658 ordine
486 3594 605 3658 satirici
636 3593 751 3678 dialogi
781 3613 799 3656 a
829 3592 970 3658 Lucieno
1000 3596 1109 3678 scripti
1132 3600 1246 3678 essent,
1270 3615 1365 3660 nemo

252 3723 366 3804 tamen,
400 3739 481 3804 quae
510 3724 613 3784 totum
643 3720 788 3802 solveret,
819 3739 853 3784 se
874 3721 1051 3804 repperisse
1074 3721 1238 3786 contendit
1259 3723 1365 3806 expli·
1413 3747 1415 3752 ·

250 3847 416 3910 cationem.
439 3845 512 3910 Jam
534 3847 568 3909 in
588 3845 689 3929 capite
707 3846 812 3930 primo
831 3845 931 3910 obiter
950 3845 1093 3910 indicavi
1117 3865 1154 3910 eo
1174 3848 1362 3930 praesertim

166 4015 168 4022 ι
250 3988 354 4034 errore
386 3970 553 4054 plerosque
587 3988 656 4034 esse
689 3970 804 4055 lapsos
838 3970 925 4054 quod
959 3990 1060 4035 unum
1100 3990 1179 4054 opus
1215 3976 1364 4037 accurate

250 4095 462 4179 observantes,
496 4115 560 4180 quo
595 4097 723 4162 vinculo
759 4117 833 4161 cum
867 4098 937 4162 aliis
972 4098 1162 4181 cohaereret,
1198 4099 1363 4182 inquirere

249 4221 460 4306 neglegerent.
491 4219 573 4298 Quia
602 4227 709 4287 autem
732 4223 838 4287 omnia
857 4223 985 4305 judicia,
1009 4242 1090 4308 quae
1114 4224 1264 4313 philologi
1286 4245 1362 4309 pro·

249 4348 394 4414 tulerunt
423 4367 608 4413 enumerare
630 4349 763 4434 longum
786 4353 843 4434 est,
867 4350 901 4413 in
925 4351 971 4415 eis
994 4351 1193 4435 exponendis
1216 4371 1266 4418 me
1289 4371 1365 4422 aon·
