3310 5242
761 613 801 675 33

261 826 306 889 At
340 825 425 889 dicat
458 826 628 908 quispiam,
662 842 820 907 quaenam
845 826 913 888 erat
938 843 1042 900 causa,
1067 827 1102 887 ut
1123 842 1243 888 nomen
1267 829 1335 889 tam

217 952 464 1034 circumscripte
487 950 650 1014 indicaret.
674 949 808 1013 auctor?

261 1075 335 1160 Ipse
357 1074 519 1140 LucIanus
543 1096 635 1141 suam
661 1077 817 1140 rationem
839 1075 998 1159 explicare
1017 1076 1128 1159 voluit,
1149 1095 1224 1140 cum
1244 1075 1337 1140 femi·

215 1222 293 1266 nam
318 1201 359 1280 τῷ
382 1200 506 1279 βασιλεῖ
525 1208 650 1264 συνεῖναι
673 1201 785 1285 (Imag.
812 1203 865 1280 10)
885 1202 1020 1266 adderet.
1049 1201 1241 1286 scriptorem
1254 1203 1336 1267 veri-

216 1331 299 1410 tum,
335 1331 372 1391 ut
403 1329 471 1411 regi
504 1332 611 1411 aperta
645 1327 776 1390 nomina
810 1327 981 1412 placerent,
1016 1328 1198 1412 prudenter,
1236 1347 1334 1411 quam

217 1452 364 1534 voluerit,
387 1452 551 1530 indicasse,
573 1452 666 1516 facile
689 1453 864 1536 intellegas.

263 1577 308 1643 Ut
337 1580 448 1662 paucis
482 1580 814 1662 memoria‘repetam,
838 1598 919 1662 quae
941 1579 1109 1662 hucusque
1131 1579 1252 1663 collegi,
1276 1583 1338 1643 sta-

219 1703 376 1768 tuendum
401 1708 449 1768 est
472 1702 616 1768 Marcum
641 1704 813 1768 Aurelium
833 1703 1012 1769 Pantheum
1033 1705 1196 1786 quandam
1209 1709 1337 1789 propter

219 1849 363 1893 amorem
392 1831 426 1893 in
458 1830 627 1893 dominnm
661 1829 812 1894 omnibus
843 1835 952 1894 notam
986 1832 1186 1911 norninasse3
1215 1830 1337 1895 deinde

219 1955 358 2039 legimus
376 1954 556 2019 Luctanum
580 1955 736 2019 feminam
761 1956 903 2019 eiusdem
928 1957 1071 2019 nominis
1094 1957 1129 2018 in
1152 1954 1338 2019 urbeAsia-

220 2083 283 2145 tica
305 2082 432 2164 vidisse,
456 2100 533 2145 cum
555 2100 675 2166 regem,
698 2083 791 2146 cuius
815 2081 920 2145 amica
942 2085 1033 2164 esset,
1053 2080 1188 2145 fideliter
1208 2083 1340 2145 comita·

222 2214 326 2289 retur,
349 2212 512 2292 postremo
535 2227 577 2272 ex
599 2209 730 2272 historin
753 2213 867 2272 notum
893 2214 941 2272 est
960 2207 1097 2272 Lucium
1117 2207 1338 2284 Verum‚cum

224 2334 264 2399 ad
294 2334 415 2399 bellum
446 2334 632 2398 Parthicum
660 2334 922 2418 proficisceretur,
943 2353 1000 2418 per
1025 2335 1185 2419 quoddam
1211 2310 1343 2416 tempus

222 2461 258 2523 in
288 2463 453 2544 prov1ncia
482 2461 562 2525 Asia
591 2465 753 2524 moratum
787 2480 856 2525 esse
887 2464 918 2524 et
944 2479 1021 2524 cum
1044 2461 1078 2523 in
1103 2459 1195 2541 Syria
1219 2459 1340 2524 bellum

229 2591 360 2670 gereret,
394 2606 503 2651 secum
539 2586 688 2651 habuiSSe
712 2587 859 2650 amicam.

267 2714 382 2798 Itaque
411 2715 484 2779 licet
514 2715 659 2778 nondum
683 2713 889 2778 manifestum
915 2715 964 2796 sit,
988 2714 1105 2795 omnia,
1129 2731 1211 2796 quae
1236 2713 1341 2797 attuli,

226 2841 269 2904 ad*
298 2841 433 2931 eandem
466 2840 621 2905 feminam
656 2840 820 2905 referenda
851 2859 929 2923 esse,
962 2860 1113 2924 magnam
1140 2845 1250 2905 tannen
1273 2843 1343 2905 veri

231 2967 367 3049 speciem
403 2985 477 3050 prae
512 2985 546 3030 se
579 2965 640 3030 fert
670 2966 775 3050 opinio
804 2965 1064 3048 Scholiastarum,
1090 2967 1147 3049 qui
1171 2966 1209 3029 de
1233 2972 1344 3030 nostro

227 3091 306 3156 libro
331 3092 491 3158 scribunt:
516 3092 554 3165 εἰς
579 3090 720 3156 Πάνθειαν
744 3091 796 3164 τὴν
819 3091 998 3169 Σμυρναίων,
1022 3097 1153 3170 γυναῖκα
1176 3089 1206 3154 δὲ
1232 3089 1342 3170 Οὐήρου

230 3221 279 3281 τοῦ
310 3221 440 3298 Χρηστοῦ
465 3217 618 3300 Καίσαρος,
640 3217 756 3289 ἔπαινός
780 3218 863 3281 ἐστιν.
891 3218 939 3300 (In
964 3218 1070 3282 codice
1092 3217 1252 3281 Marciano
1277 3217 1344 3278 434

230 3345 323 3407 etiam
359 3345 502 3409 additur:
538 3339 571 3418 ἧς
606 3345 657 3407 καὶ
689 3343 808 3425 Μάρκος
839 3343 852 3406 ὃ
883 3349 997 3422 Καῖσαρ
1028 3342 1057 3404 ἐν
1088 3348 1149 3412 τοῖς
1180 3340 1219 3412 εἷς
1242 3339 1344 3403 ἑαυτὸν

230 3468 332 3541 ἠθικοῖς
352 3447 521 3550 educarat).
545 3468 657 3552 Neque
680 3470 838 3553 intellego,
862 3487 920 3531 cur
943 3465 1134 3548 Brunsrus1)
1160 3465 1256 3529 etalii
1269 3482 1346 3528 con-

227 3597 383 3679 jecturam
407 3597 554 3661 Salmasii
578 3617 597 3660 a
618 3596 763 3661 Nauckio
787 3594 957 3680 paululum
984 3598 1156 3657 correctam
1183 3596 1347 3674 respuant,

233 3723 287 3805 qui
320 3742 377 3807 pro
408 3729 444 3803 τῇ
476 3725 527 3785 τοῦ
557 3720 647 3802 κυρίου
676 3721 810 3786 feliciter
838 3720 1004 3804 proposuit
1027 3725 1063 3798 τῇ
1088 3716 1209 3799 odriaco,
1233 3716 1346 3798 (Marc.

232 3847 309 3912 Aur.
339 3847 428 3911 VIII.
460 3849 513 3932 37)
542 3868 641 3932 quam
665 3848 922 3912 emendationem
948 3849 1107 3908 structura
1131 3844 1252 3929 periodi
1275 3847 1346 3906 tan-

234 3978 303 4038 tum
326 3994 391 4038 non
414 3973 544 4058 flagitat.

277 4099 360 4176 Quid
394 4107 501 4166 autem
525 4101 687 4166 Lucienus
710 4103 768 4166 hac
790 4100 972 4166 laudatione
996 4097 1164 4164 scribenda
1187 4064 1248 4160 sibi
1271 4114 1350 4180 prc-

239 4279 383 4294 *-

264 4383 291 4450 l)
309 4385 359 4437 (λῖν.
376 4384 441 4436 llus.
457 4386 541 4438 Rhen.
560 4384 635 4438 1888.
652 4385 746 4438 Bruns.
764 4385 834 4439 Lulr.
852 4384 915 4449 phil.
936 4383 1047 4434 Satiren.
