3328 5234
799 546 861 608 115

316 756 466 821 Attamen
489 756 567 821 haec
594 756 777 840 ,aliquanto
801 754 959 819 deterior’'
978 756 1090 840 lingua
1109 738 1217 822 nonne
1241 777 1277 823 eo
1302 758 1396 822 modo

273 880 424 964 explicari
448 887 560 965 potest,
581 882 667 966 quod
683 880 848 945 Lucienus
861 880 996 945 Lucium
1010 881 1205 966 Patrensem,
1218 885 1287 948 sine
1300 883 1398 947 dubio

271 1028 336 1072 non
368 1010 510 1073 sincerae
537 1006 671 1080 Ἀτθίδος
695 1012 866 1090 auctorem,
890 1008 1000 1077 σιύσιιῖς
1022 1004 1118 1081 λέξεσι
1141 1005 1193 1071 καὶ
1215 1004 1396 1088 συντάξεσιν,

271 1139 308 1198 ut
341 1134 447 1199 Photii
478 1135 584 1199 verbis
616 1138 697 1218 utar,
720 1139 860 1217 secutos,
884 1153 950 1197 non
973 1154 1033 1198 sua
1056 1135 1112 1199 sed
1134 1136 1278 1220 magistri
1300 1134 1398 1200 verba

271 1260 364 1324 nobis
388 1261 534 1325 dederit?

315 1383 386 1461 Quo
421 1386 572 1469 scrupulo
606 1383 760 1449 liberatus
791 1404 856 1448 non
890 1383 1010 1466 dubit0,
1036 1385 1116 1468 quin
1139 1385 1262 1448 Asinus
1285 1385 1396 1450 eodem

269 1515 418 1598 tempere,
453 1531 517 1594 quo
541 1511 673 1575 Toxaris
696 1516 728 1576 et
749 1510 878 1607 Dialogi
901 1509 1074 1575 Meretricii
1098 1511 1137 1574 eb
1160 1513 1230 1594 ipso
1254 1510 1396 1576 Lucieno

268 1636 333 1702 fere
355 1637 606 1721 quadragenario
629 1639 670 1700 sit
693 1616 900 1720 compositus,
923 1642 954 1701 et
973 1636 1109 1702 libenter
1121 1639 1278 1702 assentior
1288 1634 1395 1702 verbis

269 1764 386 1828 codicis
410 1762 558 1826 Vaticani
583 1763 623 1826 90
650 1762 707 1846 (Γ),
732 1763 845 1846 quiin
868 1760 932 1827 fine
952 1763 1048 1827 Asini
1068 1761 1213 1828 exhibet:
1234 1764 1395 1826 Λουκιανοῦ

268 1886 393 1966 εἰιισιμὶι
415 1891 472 1952 σῶν
495 1886 617 1952 novula
641 1886 909 1968 μεσιιμσρφώσεωι.

310 2015 387 2078 Tota
417 2015 516 2098 igitur
543 2014 582 2078 de
607 2014 702 2077 Asini
726 2015 879 2096 scriptore
904 2014 1092 2096 quaestione
1114 2014 1154 2077 ad
1178 2014 1301 2077 exitum
1325 2031 1396 2097 per·

267 2138 363 2202 ducta
404 2158 507 2221 pauca
542 2139 581 2202 de
616 2139 740 2202 ratione
774 2138 946 2222 proferam,
982 2158 1065 2223 quae
1098 2139 1182 2203 inter
1214 2137 1395 2202 fabularum

268 2265 437 2347 scriptores
467 2263 663 2328 intercedere
694 2264 773 2327 mihi
803 2264 932 2328 videtur
954 2269 986 2328 et
1008 2283 1071 2347 eos,
1096 2265 1152 2347 qui
1174 2265 1209 2327 in
1231 2265 1281 2329 his
1305 2263 1395 2327 libris

267 2391 386 2473 primas
410 2395 511 2474 agunt
534 2394 650 2473 partes.

309 2515 383 2580 Jam
425 2537 532 2600 supra,
575 2536 651 2580 oum
693 2516 831 2599 lepidam
866 2517 961 2580 Asini
995 2521 1144 2580 naturam
1178 2516 1396 2602 defenderem,

266 2643 448 2725 opinionem
482 2641 607 2706 Rohdei
641 2640 788 2724 refutavi,
812 2643 868 2725 qui
891 2641 1028 2706 Lucium
1051 2640 1238 2707 Patrensem
1262 2661 1328 2706 non
1352 2642 1392 2706 de

265 2787 299 2832 se
334 2769 413 2852 ipso,
435 2769 491 2832 sed
514 2768 554 2832 de
579 2768 641 2832 alio
665 2769 699 2830 in
724 2769 851 2832 asinum
875 2774 998 2833 mutato
1022 2769 1187 2833 historiam
1212 2770 1393 2833 narravisse

266 2894 414 2977 opinatus
449 2898 504 2959 est.
538 2893 677 2958 Prorsus
712 2894 807 2958 aliam
841 2896 927 2958 viem
958 2896 1030 2958 iniit
1053 2894 1196 2978 Biirger3
1220 2914 1295 2958 nam
1318 2894 1394 2958 licet

265 3018 400 3084 Photius
434 3021 530 3083 etiam
565 3020 627 3082 alio
663 3019 733 3083 looo
757 3018 852 3100 (Bibl.
876 3040 902 3083 c.
928 3020 1002 3099 166)
1034 3019 1173 3084 Lucium
1203 3019 1402 3095 Petrensem,¹

264 3143 562 3229 Metamorphoseon
598 3149 760 3210 auctorem
797 3147 950 3229 nominet,
982 3150 1089 3211 tamen
1119 3147 1174 3211 ille
1204 3148 1255 3210 vir
1278 3146 1393 3211 doctus

262 3271 323 3333 hoc
354 3290 436 3355 opus
467 3271 595 3335 satirica
627 3275 738 3334 contre
762 3271 869 3354 ipsum
893 3270 1030 3334 Lucium
1055 3270 1242 3336 Patrensem
1265 3271 1304 3336 ab
1329 3271 1392 3336 alio

263 3393 356 3459 nohis
389 3396 499 3478 ignoto
530 3396 684 3478 scriptore
708 3398 920 3480 compositum
945 3416 1016 3462 esse
1037 3396 1141 3462 finxit.
1167 3397 1270 3474 Quam
1292 3399 1393 3482 igitur

262 3521 444 3604 paroediam
468 3540 498 3583 v.
522 3521 558 3584 ol.
582 3520 736 3585 Rohdeus
759 3524 794 3586 in
820 3522 1107 3589 Asinohucianeo
1131 3526 1297 3609 quaesivit,
1309 3525 1392 3588 hanc

261 3647 302 3710 ad
336 3645 609 3731 Metamorphoses
645 3646 772 3732 Biirger
804 3651 977 3713 transtulit.
1008 3650 1058 3713 En
1089 3652 1209 3715 iterum
1233 3651 1390 3715 habemus

234 3803 237 3808 ·
261 3772 348 3837 illem
371 3772 523 3837 latentem
548 3775 680 3838 satiram
704 3773 898 3856 Pylaemene
923 3775 1136 3840 vivaciorem!

306 3896 454 3963 Duorum
490 3905 596 3965 autem
628 3901 771 3964 virorum
804 3902 972 3986 opiniones
996 3905 1033 3966 ut
1055 3901 1137 3966 bene
1160 3902 1391 3986 discernantur,

260 4044 313 4091 eas
337 4027 384 4090 sic
406 4028 490 4090 inter
513 4045 548 4091 se
571 4046 742 4110 opponam.

302 4149 456 4216 Rohdeus
479 4151 571 4216 dicit:
599 4150 739 4233 ,Lucius
761 4151 931 4218 Patrensis
950 4154 984 4216 in
1003 4155 1130 4218 asinum
1150 4159 1296 4220 mutatus
1316 4173 1387 4220 esse

258 4275 442 4342 ahuciano
467 4277 597 4343 demum
619 4279 652 4341 in
676 4278 780 4344 Asino
802 4278 975 4366 fingitur.''
