3328 5234
865 599 905 661 92

326 808 435 871 eodem
458 807 523 872 fere
546 814 696 892 tempore,
721 827 784 891 quc
811 806 1030 890 „Menippus'',
1052 809 1109 871 ie.
1134 812 1208 870 ante
1232 825 1352 869 anuum
1378 805 1442 868 165

326 936 465 1018 scriptus
489 939 545 998 est.

297 1145 301 1154 ι
370 1058 428 1121 ΠΙ.
463 1059 562 1123 Aliud
592 1059 828 1140 documentum,
859 1059 944 1142 quod
976 1056 1154 1121 Luciauum
1185 1057 1301 1140 placita
1333 1057 1444 1137 cynica

326 1187 463 1248 comicae
487 1204 640 1268 personae
663 1185 814 1249 tribuisse
836 1184 956 1268 probat,
981 1183 1093 1248 Gallus
1116 1189 1163 1248 est
1187 1182 1360 1266 putandus,
1386 1181 1445 1246 ubi

327 1311 432 1394 gallus
466 1311 660 1375 domesticus
693 1311 856 1374 dominum
890 1309 1055 1390 Micyllum
1082 1310 1208 1372 divitias
1233 1311 1444 1372 somniantem

328 1442 424 1500 cantu
449 1456 465 1501 e
489 1457 601 1501 somno
625 1439 743 1501 excitat
767 1443 797 1501 et
824 1456 978 1521 pauperes
1003 1456 1098 1521 parvo
1124 1442 1289 1500 contentos
1313 1436 1447 1501 feliciter

329 1565 443 1640 vivere,
482 1563 596 1628 divites
629 1569 659 1627 et
693 1567 835 1646 potentes
870 1581 994 1645 semper
1029 1561 1300 1626 sollicitudinibus
1338 1564 1447 1626 vexari
1515 1585 1521 1600 ’

329 1689 523 1753 demonstrat
557 1690 717 1769 (el-28).
752 1688 885 1752 Initium
917 1688 1033 1772 dialogi
1065 1690 1171 1751 statim
1197 1688 1389 1752 comoediam
1413 1690 1448 1750 in

328 1817 511 1878 memoriam
542 1820 678 1895 revocat,
709 1820 804 1898 atquc
836 1813 967 1878 fuerunt
997 1815 1060 1876 viri
1083 1814 1175 1895 docti,
1192 1815 1255 1896 ,qui
1279 1813 1443 1896 epistolam

330 1935 575 2023 Alciphroueam
600 1943 639 2022 (3.
666 1942 717 2022 10)
737 1961 779 2005 ex
799 1941 907 2006 ecdem
928 1940 1016 2004 fonte
1036 1941 1171 2005 fluxisse
1190 1946 1345 2023 putarent.
1360 1939 1448 2016 Quae

332 2069 439 2152 opinio
463 2067 536 2131 licet
559 2068 655 2132 nimis
678 2069 798 2131 incerta
824 2069 874 2149 sit,
897 2068 958 2130 alia
980 2073 1088 2131 tamen
1113 2086 1207 2131 scena
1230 2067 1384 2148 (ra-33)
1406 2067 1445 2130 ab

332 2195 419 2256 omni
444 2201 531 2277 parte
555 2193 595 2256 ad
616 2196 768 2257 comicam
791 2213 933 2257 normam
955 2199 1002 2256 est
1020 2194 1156 2276 redacta,
1177 2214 1272 2276 quam
1294 2194 1449 2276 originem

332 2321 455 2384 dudum
489 2320 612 2384 detexit
640 2320 908 2399 Valckeuaerius3
938 2319 1081 2383 Koclrius
1106 2324 1211 2383 autem
1235 2319 1450 2402 fragmentum

332 2466 349 2510 θ
382 2447 555 2530 Theogueti
588 2445 695 2510 fabula
731 2443 907 2526 Φιλάργυρος
943 2441 959 2517 ἢ
992 2442 1108 2523 Φάσμα
1141 2445 1191 2507 hic
1221 2445 1292 2528 legi,
1315 2444 1450 2510 fortasse

332 2578 416 2637 recte
440 2573 603 2636 divinavit.

376 2700 431 2763 IV.
456 2699 545 2764 Idem
567 2704 671 2763 autem
693 2699 851 2781 Micyllus,
872 2701 904 2760 in
927 2695 1238 2775 carlomannum,
1251 2698 1285 2759 in
1303 2697 1452 2778 Tyranno

333 2827 373 2888 ad
408 2827 552 2889 meliores
586 2827 793 2909 cogitationes
828 2829 971 2888 mutatus
1007 2823 1091 2905 apud
1124 2821 1243 2885 inferos
1276 2802 1451 2904 perfectum

333 2954 482 3032 cynicum
507 2953 580 3034 agit.
605 2949 706 3025 Quem
734 2952 861 3014 tertium
888 2949 1047 3033 dialogum
1072 2947 1452 3031 quacausaadldenippi

334 3097 477 3141 normam
502 3079 714 3161 compositum
737 3077 792 3140 sed
814 3076 1015 3140 Geminorum
1038 3075 1233 3138 ornamentis
1255 3073 1450 3138 illustratum

335 3221 404 3266 esse
437 3202 572 3283 credam,
607 3203 719 3285 paucis
754 3221 918 3284 exponam.
955 3199 982 3262 E
1014 3199 1214 3263 Mortucrum
1247 3197 1389 3282 Dialogis
1421 3205 1453 3263 et

334 3329 563 3410 Necyomantia
587 3330 732 3412 apparuit
756 3327 939 3411 Menippeas
962 3326 1086 3390 fabulas
1110 3345 1203 3409 saepe
1226 3327 1309 3408 apud
1334 3325 1452 3391 inferos

336 3462 421 3520 actas
456 3475 541 3535 esse3
579 3457 653 3539 quia
688 3460 848 3538 praeterea
879 3454 984 3535 iidem,
1016 3455 1072 3536 qui
1104 3453 1137 3515 in
1166 3451 1294 3533 Cynicis
1319 3453 1452 3536 dialogis

337 3582 432 3646 verba
462 3581 628 3663 faciebant,
657 3581 790 3662 Charon,
814 3580 1003 3662 Mercurius,
1026 3579 1193 3661 Cyniscus,
1217 3580 1311 3642 etiam
1334 3580 1369 3642 iu
1392 3579 1453 3660 Ty-

336 3729 435 3774 ranno
465 3704 634 3788 φιλοδόξους
665 3710 839 3790 increpaut‚
862 3705 1041 3770 Lucienum
1065 3707 1100 3769 in
1124 3706 1183 3768 hoc
1207 3725 1335 3788 quoque
1359 3725 1453 3789 opere

337 3836 532 3901 conficiendo
563 3835 674 3917 Cynici
707 3835 848 3918 magistri
881 3852 1050 3897 memorem
1081 3831 1178 3895 fuisse
1203 3830 1374 3896 verisimile
1397 3837 1453 3896 est.

336 3963 398 4026 Pro
434 3963 627 4026 ornamentis
659 3980 733 4025 vero
766 3979 782 4024 e
813 3959 973 4024 comoedia
995 3960 1112 4042 petitis,
1135 3956 1282 4022 fabellam
1306 3959 1340 4020 iu
1365 3957 1384 4040 ξ
1413 3960 1452 4020 12

336 4096 494 4153 narratam
525 4093 556 4153 et
585 4089 776 4170 testimonia,
808 4106 890 4170 quae
923 4084 1109 4167 „Lucerna”
1141 4089 1172 4149 et
1203 4083 1396 4165 „Lectulus”
1419 4086 1453 4146 iu

335 4220 507 4297 tyrannum
542 4214 783 4298 Megapeuthem
817 4213 955 4297 proferre
990 4216 1167 4293 narrantur,
1201 4209 1317 4274 habere
1349 4210 1454 4274 velim.

337 4338 423 4416 Quas
455 4342 559 4404 varias
589 4345 696 4424 partes
725 4337 903 4403 Lucienum
929 4357 993 4400 non
1018 4342 1089 4420 apte
1113 4337 1320 4418 conjunxisse
1344 4335 1455 4415 ejece
