3328 5234
812 564 874 626 130

275 772 354 856 quid
384 791 459 838 vero
490 774 529 837 de
564 792 697 856 opernm
720 773 885 838 authentia
909 774 1117 840 statuendum
1143 777 1185 840 sit
1207 775 1399 860 prudentio·

277 917 351 962 rum
372 899 494 982 Judicio
517 899 672 983 relinquo.

739 1196 768 1258 3.
788 1195 948 1279 Epilopae.

324 1404 467 1490 Jamque
501 1425 582 1491 opus
617 1406 710 1491 exegi
739 1410 770 1471 et
800 1407 912 1490 paucis
942 1404 1076 1471 Luciani
1107 1407 1270 1490 scriptoris
1293 1407 1401 1490 imago

283 1531 470 1598 delineanda
493 1535 549 1597 cst.

325 1656 488 1722 Lucienus
522 1658 608 1721 circa
641 1677 763 1722 annum
797 1657 860 1720 115
891 1657 1067 1723 Samosatis
1098 1661 1193 1748 natus
1226 1657 1402 1722 admodum

276 1783 405 1865 juvenis
435 1784 471 1846 in
502 1782 628 1846 Ioniam
661 1781 823 1867 profectus
846 1783 1012 1848 rhetorum
1039 1783 1225 1868 disciplinae
1250 1803 1285 1848 se
1308 1782 1402 1848 dedit.

281 1897 387 1972 Annis
418 1909 558 1972 tirocinii
587 1909 725 1991 peractis
749 1909 784 1972 in
808 1906 949 1992 Graecia,
971 1911 1005 1973 in
1028 1908 1223 1992 Macedonia,
1245 1910 1280 1974 in
1303 1907 1405 1990 Italia,

279 2039 313 2101 in
339 2036 441 2100 (tallia
464 2037 649 2101 auditorum
673 2038 800 2101 animos
824 2035 1110 2101 declamationibus
1134 2038 1168 2099 in
1193 2055 1227 2100 se
1247 2037 1405 2100 convertit

148 2213 149 2218 η
280 2166 311 2227 et
341 2161 531 2226 Antiochiae
563 2160 763 2244 aliquamdiu
792 2165 946 2244 patronus
970 2180 1140 2225 causarum
1165 2160 1234 2225 fuit.
1259 2159 1312 2223 Ex
1339 2179 1403 2242 qua

281 2291 383 2352 aetate
416 2306 481 2351 non
512 2306 614 2371 pauca
643 2304 738 2370 opera
761 2289 943 2369 supersunt,
967 2305 1050 2370 quae
1072 2287 1259 2370 scriptorem
1285 2304 1405 2370 aequa·

278 2413 362 2478 lium
387 2413 501 2478 studiis
523 2413 689 2478 addictum
712 2412 812 2476 fuisse
835 2411 1003 2476 manifeste
1028 2411 1215 2476 ostendunt.

326 2537 416 2602 Circe
450 2558 573 2602 annum
605 2539 717 2603 aetatis
749 2537 1030 2621 quadragesimum
1059 2536 1100 2601 ad
1122 2536 1248 2602 fabulas
1272 2538 1405 2602 eroticas

282 2665 458 2730 narrandas
488 2665 621 2728 transiit.
644 2663 697 2726 Ex
718 2664 837 2748 ignotis
860 2663 1044 2728 auctoribus
1068 2667 1124 2728 aut
1147 2682 1187 2728 ex
1213 2664 1325 2747 populi
1351 2683 1405 2730 ore

285 2791 395 2854 decem
418 2789 585 2854 Toxaridis
608 2788 732 2853 fabulas
757 2792 935 2871 mutuatus
955 2787 1084 2852 aanio
1096 2788 1243 2853 Patrensi
1254 2789 1408 2871 Asinum,

282 2937 301 2981 a
324 2936 426 2981 novae
448 2916 632 2980 comoediae
650 2916 751 3000 poetis
770 2913 923 2999 Dialogos
935 2913 1133 2979 Meretricics
1146 2916 1294 2998 sumpsit.
1308 2911 1398 2988 Quae

284 3041 455 3106 mutuandi
478 3046 510 3107 et
531 3042 682 3105 imitandi
702 3042 783 3105 ratio
803 3041 832 3106 ei
851 3045 1015 3124 tantopere
1027 3040 1146 3124 placuit
1158 3044 1189 3106 et
1200 3039 1400 3105 auditoribus

284 3172 353 3232 tam
379 3170 469 3252 grata
491 3166 561 3250 fuit,
584 3171 620 3231 ut
642 3186 699 3252 per
720 3168 902 3251 complures
926 3186 1026 3233 annos
1049 3187 1066 3232 e
1089 3168 1191 3251 poetis
1215 3168 1350 3232 comicis
1373 3173 1405 3232 et

284 3293 433 3377 Menippo
474 3295 601 3358 satirico
636 3297 824 3378 argumenta
857 3294 1006 3378 hauriret,
1040 3296 1075 3357 in
1110 3294 1229 3379 quibus
1261 3295 1397 3360 deorum

285 3418 420 3503 fabulae,
454 3420 580 3504 antiqui
608 3418 798 3502 philosophi,
828 3437 911 3482 vana
943 3419 1130 3484 mortalium
1155 3419 1262 3484 studia
1286 3419 1408 3485 deride·

285 3543 411 3610 bantur.
446 3544 534 3621 Quae
556 3546 666 3610 omnia
689 3545 805 3630 scripta
828 3545 1018 3610 rhetoricam
1042 3545 1186 3610 indolem
1209 3546 1363 3630 spirantia
1378 3523 1407 3610 'a

286 3671 402 3754 satiris,
431 3691 513 3754 quas
542 3670 705 3737 Lucienus
735 3673 846 3736 contra
875 3670 1024 3756 aequales
1055 3672 1190 3757 scripsit,
1221 3673 1304 3740 bene
1326 3678 1404 3739 sunt

290 3794 526 3881 distinguenda.

333 3921 424 3988 Circa
457 3927 567 3989 autem
601 3942 724 3988 annum
750 3921 813 3985 165
836 3921 902 3987 fere
925 3922 1222 4007 quinquagenarius
1249 3926 1315 3987 tota
1337 3923 1408 3988 rhe-

287 4049 388 4112 torica
420 4053 486 4114 arto
519 4050 684 4136 repudiata
716 4047 914 4114 venerabiles
947 4048 1162 4132 philosophos,
1197 4068 1278 4133 quos
1311 4067 1405 4134 saepe

287 4173 447 4259 deriserat,
478 4195 512 4241 se
535 4178 637 4241 colere
658 4174 821 4260 professus
845 4174 1032 4259 aequalium
1054 4174 1132 4237 vitia
1155 4192 1189 4238 se
1212 4177 1401 4240 notaturum

287 4318 358 4366 asse
380 4303 534 4386 promisit.
557 4303 620 4369 Per
642 4303 715 4388 plus
739 4321 838 4388 quam
851 4301 1037 4386 quindecim
1050 4304 1220 4384 sequentes
1232 4319 1334 4365 annos
1346 4299 1402 4364 illa
