3310 5242
857 627 897 690 36

319 842 447 904 24-27
471 840 585 905 fabella
618 821 735 905 erotica
769 840 808 905 de
843 840 981 924 quadam
1015 840 1150 905 deformi
1180 839 1288 924 puella
1321 837 1433 902 Massi-

475 968 576 1050 liensi,
608 985 690 1051 quae
721 985 797 1030 oum
828 967 929 1050 patris
960 967 1012 1031 sui
1044 969 1146 1030 amico
1167 966 1301 1030 feliciter
1325 966 1431 1029 matri-

475 1094 584 1156 monio
608 1094 777 1176 conjuncta
800 1096 856 1157 est.

320 1221 450 1283 27-35
473 1218 586 1283 fabella
606 1220 645 1283 de
663 1218 838 1302 Antiphilu
860 1219 915 1303 qui
933 1216 1097 1282 Demetrio
1110 1219 1214 1282 amico
1226 1220 1259 1281 in
1274 1236 1432 1282 carcerem

476 1345 617 1427 conjecto
642 1346 731 1408 omni
756 1344 850 1408 modo
876 1345 1060 1428 opitulatur.

366 1469 515 1554 Quinque
548 1470 587 1534 de
621 1471 762 1546 amicitia
793 1468 984 1550 Scytharum
1017 1469 1145 1534 fabulae
1170 1471 1272 1554 magis
1295 1470 1435 1535 incultae

322 1597 460 1659 nationis
494 1595 638 1660 moribus
675 1599 750 1659 sunt
783 1595 956 1679 adaptatae,
991 1595 1047 1659 uhi
1078 1595 1202 1660 sodales
1229 1597 1262 1659 in
1286 1596 1377 1678 bello,
1400 1597 1433 1659 in

323 1723 499 1804 venatione,
518 1741 558 1786 ex
577 1722 723 1785 incendio
744 1741 777 1785 se
797 1723 935 1785 invicem
954 1723 1130 1786 servavisse
1141 1727 1321 1786 narrantur.
1332 1722 1434 1787 Tertia

321 1849 508 1932 praesertim
538 1847 645 1912 fabula
675 1849 715 1912 ad
748 1847 940 1929 Scytharum
975 1849 1122 1911 instituta
1146 1848 1364 1932 cognoscenda
1387 1853 1436 1912 est

322 1973 476 2056 perutilis,
507 1971 564 2036 ubi
594 1992 619 2037 e.
632 1994 661 2057 g.
695 1974 824 2054 „electio
855 1972 987 2056 sponsi’'
1020 1973 1199 2036 secundum
1224 1971 1431 2056 barbarorum

289 2102 293 2109 '
322 2099 421 2162 ritum
445 2098 644 2163 describitur.

431 2371 460 2434 3.
484 2371 532 2432 Dc
554 2369 723 2434 Yoaaridis
745 2368 856 2451 fobeto
875 2368 982 2448 primo
1004 2375 1032 2432 et
1054 2368 1091 2432 da
1112 2368 1240 2450 ratione,
1262 2387 1324 2452 quo

539 2505 564 2547 o.
588 2483 622 2548 cl.
644 2482 783 2547 Kochius
804 2483 930 2547 cornices
951 2502 1057 2546 versam
1078 2483 1222 2546 restituit.

364 2708 438 2773 Jam
474 2728 570 2793 supra
604 2729 680 2773 oum
713 2709 749 2771 in
783 2709 972 2772 universum
1003 2708 1041 2771 de
1072 2708 1284 2790 sophistarum
1318 2707 1431 2771 litteris

321 2836 511 2898 sententiam
546 2852 748 2918 exponerem,
779 2833 992 2896 animadverti
1013 2834 1097 2896 inter
1118 2832 1284 2897 Toxaridis
1306 2831 1430 2896 fabulas

318 2981 418 3024 unam
449 2961 602 3040 (12-19)
632 2960 778 3040 inveniri,
809 2977 898 3041 quae,
930 2960 957 3021 si
981 2958 1020 3022 ad
1045 2963 1273 3041 argumentum
1298 2963 1431 3042 spectas,

319 3089 438 3170 optimo
458 3088 531 3170 jure
550 3105 624 3150 cum
644 3086 855 3169 posteriorum
876 3090 1059 3169 temporum
1071 3084 1194 3149 fabellis
1209 3084 1428 3167 („Novellen'')

319 3213 495 3295 comparari
518 3212 625 3295 possit.

359 3336 398 3400 In
434 3357 497 3420 qua
525 3336 635 3401 fabula
666 3356 742 3401 cum
774 3357 803 3400 r.
835 3336 871 3400 cl.
895 3334 1071 3418 Kochius1)
1097 3355 1198 3420 pauca
1221 3335 1317 3400 verba
1340 3337 1429 3400 inve·

314 3464 422 3545 nisset,
457 3482 539 3546 quae
574 3463 667 3526 etiarn
703 3464 736 3524 in
768 3461 889 3525 duobus
919 3462 1054 3527 diversis
1084 3462 1289 3546 Aloiphronis
1312 3461 1427 3526 litteris

314 3588 354 3669 (3.
380 3589 420 3651 50
445 3593 476 3652 et
502 3589 529 3651 3.
554 3586 607 3670 62)
632 3587 790 3671 leguntur,
814 3592 985 3671 utramque
1009 3590 1220 3652 narrationem
1246 3607 1287 3652 ex
1310 3587 1420 3652 eodem

314 3715 437 3778 comico
465 3714 552 3778 fonte
581 3713 715 3778 fluxisse
738 3715 861 3798 putavit
885 3718 915 3778 et
939 3733 980 3778 ex
1004 3715 1155 3797 dispersis
1180 3715 1323 3799 partibus
1347 3716 1428 3779 anti·

317 3858 381 3921 qua
401 3803 578 3924 fragmenta
601 3840 785 3903 restitutum
808 3839 874 3902 ivit.

247 4051 250 4058 Ι
356 3965 523 4031 Rationem
548 3971 655 4031 autem
678 3972 709 4030 et
731 3966 1041 4050 argumentationem
1065 3966 1165 4029 huius
1189 3968 1251 4029 viri
1271 3966 1424 4032 doctiex·

311 4091 484 4175 ploremus,
519 4091 558 4155 ab
592 4092 783 4176 Aloiphrone
816 4091 956 4175 profecti,
989 4094 1044 4175 qui
1079 4094 1185 4157 rhetor
1219 4094 1418 4158 comicorum

317 4272 462 4282 --.-

346 4373 372 4442 1)
391 4375 442 4428 Gir.
459 4376 525 4430 Mus.
542 4377 625 4430 Rhen.
643 4377 718 4430 1888.
