3328 5234
841 587 882 648 82

354 796 451 860 illuri
487 796 643 860 librorum
678 816 697 858 a
731 795 880 880 Menippo
911 796 1101 878 scriptorum
1133 794 1218 878 apud
1244 791 1419 877 Diogenem

309 921 472 987 Laertium
500 922 555 985 VI.
579 923 650 986 101.
674 923 707 984 hi
730 924 956 985 inveniuntur:

355 1048 475 1120 Νεκυία,
502 1048 659 1121 Διαθῆκαι,
684 1046 862 1111 Ἐπιστολαὶ
886 1043 1124 1125 κεκομψευμέναι
1148 1045 1207 1109 απὸ
1226 1047 1345 1108 τοῦπῶν
1359 1043 1426 1107 θεῶν

310 1174 469 1254 προσώπου,
501 1175 574 1254 Πρὸς
604 1174 669 1244 ποὺς
700 1173 841 1252 φυσικοὺς
872 1170 923 1236 καὶ
955 1169 1180 1250 μαθηματικοὺς
1203 1168 1255 1234 καὶ
1279 1191 1426 1249 γραμμα-

310 1300 414 1372 πνκοὺς.
449 1299 500 1364 καὶ
535 1299 625 1371 Γονοὶς
657 1299 825 1379 Ἐπικούρου
848 1297 901 1362 καὶ
924 1297 980 1369 rubr
1005 1294 1231 1377 θρησκευομένας
1255 1295 1304 1358 ὑπ’
1329 1296 1426 1359 αὐτῶν

311 1423 430 1496 alaribus
454 1425 503 1489 rai
526 1423 638 1490 τᾶλλα.

356 1550 564 1627 Quaestiones
588 1553 626 1616 de
650 1553 762 1616 ceteris
785 1552 875 1616 libris
899 1553 1101 1636 praeteriens,
1122 1548 1248 1614 Νεκυίαν
1273 1555 1304 1614 et
1323 1549 1428 1612 Ἐπσν-

313 1676 401 1748 τολοὲς
425 1679 465 1742 ad
489 1679 736 1762 disputationem
761 1683 901 1742 nostram
927 1677 1010 1742 infra
1033 1676 1197 1740 adhibebo.

356 1803 406 1867 Ex
441 1806 606 1870 Athenaeo
641 1804 740 1886 (XIV.
766 1807 856 1885 uase)
881 1805 995 1869 deinde
1019 1809 1131 1868 notum
1159 1807 1215 1884 est,
1238 1801 1427 1885 Menippum

313 1928 479 2006 Συμπόσιον
514 1933 688 2015 scripsisse,
724 1931 780 1994 ubi
811 1931 991 2016 philosophi
1020 1950 1095 1994 cum
1121 1949 1252 1995 summo
1276 1928 1430 1993 dedecoro

313 2075 429 2120 coenae
460 2057 589 2120 cuidam
618 2056 801 2120 interfuisse
825 2062 1004 2138 narrantur,
1029 2056 1114 2120 unde
1136 2054 1326 2132 Lucianum,
1351 2075 1427 2118 cum

313 2183 353 2246 ad
376 2185 574 2246 comicorum
599 2183 787 2266 exemplum
811 2204 908 2247 suum
929 2181 1098 2260 Συμπόσιον
1111 2181 1262 2263 reficeret,
1274 2181 1430 2245 nonnulla

314 2310 408 2372 etiam
434 2328 451 2372 a
475 2308 643 2392 Menippeo
667 2311 814 2372 convivio
838 2311 965 2373 haurire
989 2311 1132 2394 potuisse
1155 2313 1293 2393 apparet.

357 2433 511 2498 Varronis
535 2440 641 2498 autem
668 2434 789 2498 Satirao
812 2433 1006 2518 Menippeas,
1029 2454 1110 2517 quas
1135 2433 1230 2497 modo
1254 2434 1431 2516 nominavi,

313 2559 386 2622 licet
419 2560 555 2643 singulis
590 2565 715 2624 tantum
743 2559 889 2624 versibus
913 2562 1083 2644 supersint,
1106 2565 1215 2622 tamen
1239 2560 1427 2642 scriptorem

315 2702 411 2746 suum
445 2687 637 2768 magistrum
669 2687 702 2747 in
733 2686 929 2777 philosophis
953 2685 1135 2749 deridendis
1159 2691 1189 2748 et
1212 2686 1304 2747 vanis
1328 2685 1432 2747 homi·

314 2829 394 2873 uum
420 2811 534 2875 studiis
558 2812 775 2895 vituperandis
799 2817 947 2876 secutum
974 2831 1043 2876 esse
1065 2812 1244 2876 ostendunt.
1264 2809 1300 2873 Ε.
1312 2831 1341 2895 g.
1354 2812 1432 2894 legi-

314 2945 367 3000 tur
395 2936 511 3021 'fragm
542 2940 604 3001 122
630 2938 699 3018 (Ed.
725 2938 929 3018 Buecheler):
957 2944 1137 3022 ,postremo
1161 2957 1258 3001 nomo
1283 2942 1432 3020 aegrotus

315 3064 489 3145 quicquam
526 3066 666 3128 somniat
699 3069 764 3126 tam
797 3063 977 3146 infandum,
1009 3064 1094 3147 quod
1128 3083 1193 3127 non
1216 3062 1332 3145 aliquis
1356 3062 1433 3126 dicit

314 3187 552 3271 philosophus.''
590 3188 744 3271 Inprimis
780 3191 893 3254 titulus
929 3190 1098 3253 cuiusdam
1134 3189 1286 3252 Varronis
1311 3190 1434 3271 satirae,

316 3332 396 3396 quae
427 3311 491 3392 περὶ
526 3311 656 3392 αἱρέσεων
680 3314 866 3378 inscribitur
889 3315 935 3397 (fr.
962 3315 1037 3397 400,
1060 3315 1125 3378 403
1149 3314 1206 3398 Ba,
1230 3321 1338 3380 nostro
1360 3335 1433 3399 pro·

314 3440 416 3521 posito
451 3444 499 3503 est
531 3439 732 3523 utilissimus,
766 3443 842 3524 quia
864 3441 949 3525 apud
973 3441 1152 3505 Lucianum
1179 3442 1324 3527 dialogus
1349 3444 1434 3506 eius-

317 3562 390 3625 dem
427 3565 568 3627 uominis
604 3565 643 3628 de
678 3571 835 3629 sectarum
872 3567 1083 3651 discrepantia
1115 3569 1251 3651 scriptus
1272 3569 1437 3652 invenitur

314 3686 573 3770 („Hermotimus
601 3686 617 3762 ἢ
642 3689 703 3769 περὶ
727 3689 900 3774 αἱρέσεον”).

358 3813 382 3877 Ι.
416 3812 486 3889 Qua
521 3817 635 3880 notitia
668 3818 845 3882 instructus
879 3818 920 3880 ad
952 3816 1132 3882 Luciacum
1170 3819 1274 3901 redeo,
1309 3821 1366 3903 qui
1399 3821 1434 3883 in
1520 3880 1523 3886 .

282 3931 286 3938 ’
317 3939 458 4004 Croaicis
492 3943 641 4025 epistolas
675 3963 693 4006 a
726 3943 865 4008 Saturno
901 3943 941 4006 ad
975 3963 1150 4028 pauperem
1182 3945 1377 4009 sacerdotem
1403 3951 1434 4010 et

315 4066 355 4129 ad
389 4086 500 4131 avaros
537 4067 651 4132 divites
687 4070 803 4133 missas
837 4071 1007 4133 enarravit.
1042 4068 1157 4133 Nonne
1190 4070 1224 4132 in
1259 4071 1319 4134 hoc
1348 4090 1433 4135 noro

314 4191 493 4257 litterarum
538 4213 654 4279 genere
694 4195 835 4279 Menippi
876 4196 1064 4279 exemplum
1104 4195 1341 4279 deprendimus,¹
1377 4199 1436 4280 qui

316 4318 474 4392 ε’πνσπολοὶς
505 4317 750 4399 κεκομψευμένας
782 4321 842 4384 οὶπὸ
864 4325 915 4385 ποῦ
940 4324 996 4384 τῶν
1020 4320 1086 4384 θεῶν
1108 4319 1258 4402 προσώπου
1281 4323 1435 4406 scripsit?
