3328 5234
800 845 875 910 XV.

314 1037 555 1122 Argumentum
572 1033 672 1100 Rhesi
690 1033 731 1098 H.
753 1033 854 1107 Ῥῆσος
876 1033 915 1105 εἷς
938 1042 1026 1098 ”iaceo
1045 1030 1263 1114 παραγίγνεται
1284 1028 1396 1111 νυκτός,

270 1159 503 1244 στρατευομένων
526 1159 630 1242 Τρώων
653 1158 736 1242 παρὰ
758 1165 827 1232 ταῖς
852 1157 938 1223 ναντὶ
962 1161 1019 1223 τῶν
1043 1156 1203 1234 Ἑλλήνων.

314 1289 428 1354 Potius
450 1288 555 1372 legas:
580 1283 885 1368 στρατοπεδευομένων
910 1284 1014 1368 Τρώων
1040 1290 1098 1351 ete.

791 1498 884 1566 xvi.

313 1687 380 1752 Liv.
404 1685 572 1751 XXXIV.
588 1687 616 1750 9.
640 1685 741 1750 Nocte
765 1705 839 1770 paro
863 1686 956 1750 tertia
980 1687 1101 1750 civium
1120 1686 1156 1749 in
1176 1686 1278 1749 muris
1298 1703 1398 1749 exeu-

268 1813 379 1894 babat3
417 1832 522 1898 neque
552 1815 650 1878 moris
677 1832 774 1877 causa
798 1818 926 1878 tantum
950 1817 1007 1877 aut
1029 1813 1109 1897 legis
1134 1813 1191 1878 sed
1213 1817 1343 1896 quanta,
1368 1812 1399 1877 si

270 1941 372 2004 hostis
395 1940 435 2004 ad
458 1945 569 2024 portus
593 1943 686 2022 esset,
708 1939 880 2004 servabant
902 1939 1029 2024 vigilias
1042 1943 1074 2004 et
1086 1937 1298 2003 circumibant
1310 1957 1397 2002 cura.

315 2063 502 2149 Legendum
533 2068 626 2148 puto:
652 2063 707 2129 sed
732 2069 860 2148 quante,
884 2066 913 2128 si
935 2065 1038 2128 hostis
1061 2063 1192 2128 adortus
1216 2068 1309 2150 esset,
1333 2081 1398 2128 ser·

274 2188 390 2255 vabant
413 2195 471 2256 eto.

781 2338 890 2404 XVII.

255 2513 257 2517 ’
315 2527 376 2591 Cic.
409 2527 447 2591 do
478 2526 539 2590 diu.
571 2525 595 2588 Ι.
628 2527 678 2589 38.
710 2525 845 2608 Vitium,
877 2525 964 2608 quod
997 2528 1045 2590 est
1075 2527 1110 2588 in
1134 2524 1243 2589 verbis
1272 2543 1397 2609 „neque

270 2673 335 2718 non
366 2657 502 2737 possunt
524 2651 634 2716 futura
656 2649 896 2736 praenoscere'’,
919 2669 983 2714 non
1008 2649 1172 2715 codicibus
1197 2651 1254 2715 sed
1274 2649 1400 2715 Stoico·

269 2799 342 2843 rum
366 2780 634 2864 argumentationi
655 2776 865 2842 tribuendum
890 2780 947 2842 est.
971 2775 1032 2840 Ofr.
1057 2776 1095 2841 de
1115 2777 1178 2841 div,
1197 2776 1231 2840 H
1244 2776 1286 2840 49
1300 2781 1331 2842 et
1344 2776 1400 2840 51.

770 2974 896 3040 XVHI.

312 3164 433 3230 Catulli
452 3164 554 3229 codex
573 3163 604 3229 S.
625 3163 851 3229 Germanonsis
875 3183 941 3228 non
962 3165 1041 3247 ipse,
1053 3164 1109 3228 sed
1121 3164 1295 3249 exemplar,
1307 3165 1396 3231 unde

270 3290 427 3356 deductus
449 3296 505 3376 est,
528 3310 611 3355 anno
637 3291 722 3354 1375
747 3293 904 3375 scriptum
928 3309 998 3356 esse
1022 3291 1160 3355 videtur.

791 3487 885 3553 XIX.

315 3676 428 3743 catull.
453 3677 503 3742 12.
529 3679 615 3742 6-9
640 3675 710 3761 (ud.
734 3676 859 3760 Riese):

848 3802 940 3867 erede
963 3801 1103 3867 Pollioni

536 3927 633 4012 fratri,
656 3928 713 4013 qui
735 3933 792 3994 tua
813 3928 900 3993 furta
923 3928 975 3993 vel
990 3929 1120 4006 ¹talento

539 4056 656 4119 mutari
679 4053 772 4119 velit:
797 4058 845 4119 est
869 4057 956 4119 enim
978 4053 1127 4138 leporum

538 4182 677 4246 disertus
700 4200 781 4265 puer
805 4201 841 4246 ao
862 4180 1066 4246 facetiarum.

315 4301 397 4370 Cum
419 4304 535 4372 Vossio
558 4307 810 4373 emendandum:
835 4307 980 4373 differtus
1002 4324 1085 4393 puer
1108 4326 1138 4372 a.
1160 4304 1181 4370 f.
