3310 5242
819 573 867 634 *22

292 783 326 845 in
362 780 570 846 Graecorum
590 782 675 845 enim
709 781 871 844 rhetorum
903 800 1072 846 numerum
1095 782 1204 847 referri
1227 784 1272 847 eis
1292 783 1408 866 jucun-

293 907 460 972 dissimum
496 907 664 970 videbatur
685 907 869 990 praemium.
892 906 985 990 Ipsae
1007 907 1143 972 feminae
1164 909 1198 971 in
1222 908 1407 992 quotidiano

291 1034 494 1118 epistolarum
526 1054 587 1098 usu
618 1032 715 1097 latine
738 1031 876 1096 scribere
899 1033 1098 1116 spernebant,
1122 1039 1158 1097 ut
1181 1033 1299 1118 Apulei
1322 1035 1408 1118 Apo·
1471 1099 1473 1102 .

292 1161 376 1245 logia
406 1166 548 1243 testatur,
578 1160 634 1225 ubi
665 1161 781 1243 passim
810 1178 924 1243 graeca
947 1159 1123 1244 fragmenta
1145 1179 1187 1224 ex
1209 1159 1410 1225 Pudentillae

293 1289 406 1351 uxoris
429 1289 570 1371 epistolis
594 1291 719 1370 sumpta
743 1285 928 1352 afferuntur.

336 1412 450 1496 Neque
480 1413 585 1476 solum
613 1431 792 1476 sermonem
814 1431 963 1496 graecum
987 1412 1193 1477 imitabantur
1215 1412 1330 1495 Latini,
1353 1414 1410 1478 sed

292 1540 327 1602 in
362 1541 558 1622 argumentis
593 1538 746 1622 eligendis
782 1537 975 1602 Graecorum
1012 1539 1115 1602 secuti
1150 1544 1227 1602 sunt
1256 1539 1409 1623 exempla.

293 1663 460 1748 Apuleius,
485 1665 659 1728 utiterum
683 1664 774 1728 illum
797 1663 931 1728 Luciani
955 1665 1119 1748 aequalem
1142 1665 1309 1748 proferam,
1319 1665 1411 1729 fabu-

291 1792 347 1874 las,
372 1793 504 1874 quaein
526 1789 818 1882 Metamorphoseon
839 1789 927 1854 libris
946 1790 1108 1875 leguntur,
1129 1811 1276 1876 magnam
1289 1796 1409 1876 partem

294 1938 313 1981 a
346 1916 445 1981 Lucio
479 1918 634 2001 Patrensi,
667 1919 795 1981 homine
833 1917 961 2000 Graeco,
993 1923 1159 1983 mutuatus
1183 1924 1246 2000 est,
1269 1920 1304 1982 in
1327 1937 1412 1982 com·

297 2043 547 2108 mactationibus
582 2049 697 2126 autem,
732 2064 812 2127 quas
839 2044 878 2107 de
899 2044 1098 2127 philosophia
1121 2045 1308 2128 composuit,
1333 2045 1412 2128 quin

297 2169 433 2234 Graecos
465 2170 633 2253 magistros
660 2174 732 2233 ante
757 2169 867 2234 oculos
889 2169 1045 2252 habuerit,
1067 2189 1085 2233 a
1108 2169 1198 2233 nullo
1219 2171 1253 2233 in
1278 2169 1412 2239 dubium

297 2301 435 2360 vocatur.

340 2420 465 2497 Quibus
493 2440 534 2485 cx
557 2421 654 2485 rebus
676 2421 913 2486 Antoninorum
939 2441 1016 2486 aevo
1039 2423 1161 2486 litteras
1187 2421 1322 2488 Graecas
1343 2443 1410 2489 non
1478 2501 1482 2510 ¹

206 2533 208 2540 ¹
298 2549 402 2612 solum
436 2549 470 2611 in
506 2545 635 2612 Oriente
669 2552 700 2612 et
734 2549 768 2611 in
804 2547 943 2631 Graecia,
967 2548 1020 2613 sed
1046 2547 1232 2632 ubicunque
1257 2523 1412 2614 terrarum

295 2676 444 2740 cultiores
467 2676 612 2739 homines
635 2679 732 2758 erant,
759 2675 889 2740 dilectas
913 2679 944 2740 et
966 2677 1105 2740 maxime
1120 2675 1221 2740 fuisse
1234 2677 1413 2742 aestimatas

294 2801 386 2865 facile
408 2801 631 2884 intellegimus.

341 2925 430 3002 Quae
460 2945 535 2990 vero
567 2927 616 2990 his
647 2927 812 2991 rhetoricis
844 2928 958 2992 litteris
982 2932 1104 3009 natura,
1128 2926 1222 3009 quale
1244 2928 1410 3012 ingenium

295 3051 381 3116 fuit?

338 3177 492 3242 Rhetores
512 3179 658 3260 quamvis
677 3197 804 3242 reorum
826 3198 938 3243 causas
959 3182 1055 3262 atque
1074 3178 1219 3262 publicas
1238 3179 1413 3264 legationes

295 3307 434 3388 recipere
457 3323 520 3366 non
546 3310 738 3386 recusarent,
762 3304 842 3367 illud
866 3309 972 3367 tamen
995 3324 1098 3388 genus
1124 3306 1249 3370 dicendi
1272 3308 1412 3371 maxime

296 3397 459 3512 colebant,
474 3431 559 3513 quod
583 3448 648 3493 non
672 3435 736 3492 tam
761 3431 794 3492 in
819 3447 925 3515 rerum
951 3450 1012 3494 usu
1037 3436 1067 3494 et
1092 3433 1233 3513 veritate,
1257 3452 1354 3515 quam
1377 3434 1412 3496 in

297 3557 450 3619 oratoriae
484 3554 644 3618 facultatis
676 3556 904 3620 exercitatione
935 3561 965 3620 et
987 3558 1196 3621 ostentatione
1219 3557 1412 3622 versabatur.

339 3680 412 3745 Duo
438 3683 620 3764 praesertim
645 3701 761 3765 genera
784 3680 962 3746 tarcacona
986 3685 1020 3746 in
1043 3704 1106 3747 usu
1129 3690 1226 3748 erant.

339 3806 484 3890 Romani,
518 3813 632 3872 natura
665 3809 706 3872 ad
740 3809 812 3872 lites
847 3809 1041 3873 dirimendas
1074 3812 1148 3893 nati,
1178 3810 1268 3875 fictas
1300 3830 1413 3876 causas

301 3933 475 4017 disceptare
499 3934 646 3999 amabant
669 3909 840 4018 (consulas,
865 3957 993 4021 quaese,
1018 3937 1256 4002 controversias
1276 3936 1413 4002 Senecae

296 4059 442 4141 rhetorio,
465 4065 503 4124 et
536 4060 779 4126 declamationes
810 4063 1188 4146 pseudoquintilianeas);
1209 4063 1320 4128 Graeci
1342 4064 1413 4128 rhe-

299 4190 383 4249 tores
421 4206 534 4269 magna
573 4189 737 4272 voluptate
775 4191 810 4252 in
851 4191 1005 4253 maiorum
1040 4189 1215 4256 virtutibus
1245 4190 1413 4258 laudandis

299 4310 512 4376 morabantur.
