<?xml version="1.0" encoding="UTF-8"?>
<!DOCTYPE html PUBLIC "-//W3C//DTD XHTML 1.0 Transitional//EN"
    "http://www.w3.org/TR/xhtml1/DTD/xhtml1-transitional.dtd">
<html xmlns="http://www.w3.org/1999/xhtml" xml:lang="en" lang="en">
 <head>
  <title>
</title>
<meta http-equiv="Content-Type" content="text/html;charset=utf-8" />
  <meta name='ocr-system' content='tesseract 3.04.00' />
  <meta name='ocr-capabilities' content='ocr_page ocr_carea ocr_par ocr_line ocrx_word'/>
</head>
<body>
  <div class='ocr_page' id='page_1' title='image "./studialucianea00boldgoog_0059.png"; bbox 0 0 3310 5242; ppageno 0'>
   <div class='ocr_carea' id='block_1_1' title="bbox 812 577 853 640">
    <p class='ocr_par' dir='ltr' id='par_1_1' title="bbox 812 577 853 640">
     <span class='ocr_line' id='line_1_1' title="bbox 812 577 853 640; baseline 0 0"><span class='ocrx_word' id='word_1_1' title='bbox 812 577 853 640; x_wconf 88' lang='lat'>38</span> 
     </span>
    </p>
   </div>
   <div class='ocr_carea' id='block_1_2' title="bbox 281 788 1407 3526">
    <p class='ocr_par' dir='ltr' id='par_1_2' title="bbox 281 788 1397 1632">
     <span class='ocr_line' id='line_1_2' title="bbox 281 788 1392 876; baseline 0 -22"><span class='ocrx_word' id='word_1_2' title='bbox 281 788 327 854; x_wconf 94' lang='lat' dir='ltr'>ibi</span> <span class='ocrx_word' id='word_1_3' title='bbox 349 789 552 874; x_wconf 88' lang='lat' dir='ltr'>philosophos</span> <span class='ocrx_word' id='word_1_4' title='bbox 575 792 606 854; x_wconf 90' lang='lat' dir='ltr'>et</span> <span class='ocrx_word' id='word_1_5' title='bbox 627 789 773 855; x_wconf 90' lang='lat' dir='ltr'>homines</span> <span class='ocrx_word' id='word_1_6' title='bbox 796 790 958 873; x_wconf 88' lang='lat' dir='ltr'>litteratos,</span> <span class='ocrx_word' id='word_1_7' title='bbox 980 795 1187 876; x_wconf 87' lang='lat' dir='ltr'>cognatorum</span> <span class='ocrx_word' id='word_1_8' title='bbox 1213 795 1322 857; x_wconf 88' lang='lat' dir='ltr'>tamen</span> <span class='ocrx_word' id='word_1_9' title='bbox 1335 792 1392 854; x_wconf 85' lang='lat' dir='ltr'>vix</span> 
     </span>
     <span class='ocr_line' id='line_1_3' title="bbox 286 913 1393 1000; baseline 0.002 -21"><span class='ocrx_word' id='word_1_10' title='bbox 286 935 388 979; x_wconf 90' lang='lat' dir='ltr'>unum</span> <span class='ocrx_word' id='word_1_11' title='bbox 423 920 456 979; x_wconf 91' lang='lat' dir='ltr'>et</span> <span class='ocrx_word' id='word_1_12' title='bbox 489 915 624 979; x_wconf 88' lang='lat' dir='ltr'>alterum</span> <span class='ocrx_word' id='word_1_13' title='bbox 658 916 790 980; x_wconf 87' lang='lat' dir='ltr'>invenit.</span> <span class='ocrx_word' id='word_1_14' title='bbox 832 913 949 1000; x_wconf 86' lang='lat' dir='ltr'>Lepide</span> <span class='ocrx_word' id='word_1_15' title='bbox 983 917 1096 982; x_wconf 92' lang='lat' dir='ltr'>deinde</span> <span class='ocrx_word' id='word_1_16' title='bbox 1129 919 1277 982; x_wconf 91' lang='lat' dir='ltr'>omnium</span> <span class='ocrx_word' id='word_1_17' title='bbox 1312 917 1393 981; x_wconf 89' lang='lat' dir='ltr'>risui</span> 
     </span>
     <span class='ocr_line' id='line_1_4' title="bbox 283 1040 1394 1126; baseline -0.002 -21"><span class='ocrx_word' id='word_1_18' title='bbox 283 1041 386 1124; x_wconf 80' lang='lat' dir='ltr'>tradit,</span> <span class='ocrx_word' id='word_1_19' title='bbox 423 1059 505 1125; x_wconf 92' lang='lat' dir='ltr'>quae</span> <span class='ocrx_word' id='word_1_20' title='bbox 529 1061 547 1104; x_wconf 86' lang='lat' dir='ltr'>a</span> <span class='ocrx_word' id='word_1_21' title='bbox 571 1040 777 1125; x_wconf 87' lang='lat' dir='ltr'>sapientibus,</span> <span class='ocrx_word' id='word_1_22' title='bbox 801 1044 857 1125; x_wconf 94' lang='lat' dir='ltr'>qui</span> <span class='ocrx_word' id='word_1_23' title='bbox 878 1042 983 1126; x_wconf 92' lang='lat' dir='ltr'>palam</span> <span class='ocrx_word' id='word_1_24' title='bbox 1008 1045 1238 1108; x_wconf 81' lang='lat' dir='ltr'>continentiam</span> <span class='ocrx_word' id='word_1_25' title='bbox 1263 1047 1295 1108; x_wconf 88' lang='lat' dir='ltr'>et</span> <span class='ocrx_word' id='word_1_26' title='bbox 1316 1043 1394 1106; x_wconf 90' lang='lat' dir='ltr'>sim·</span> 
     </span>
     <span class='ocr_line' id='line_1_5' title="bbox 283 1167 1393 1254; baseline 0.003 -24"><span class='ocrx_word' id='word_1_27' title='bbox 283 1168 456 1253; x_wconf 90' lang='lat' dir='ltr'>plioitatem</span> <span class='ocrx_word' id='word_1_28' title='bbox 495 1167 690 1250; x_wconf 86' lang='lat' dir='ltr'>simularent,</span> <span class='ocrx_word' id='word_1_29' title='bbox 727 1167 827 1250; x_wconf 89' lang='lat' dir='ltr'>avide,</span> <span class='ocrx_word' id='word_1_30' title='bbox 861 1175 1051 1253; x_wconf 81' lang='lat' dir='ltr'>arroganter,</span> <span class='ocrx_word' id='word_1_31' title='bbox 1085 1170 1248 1254; x_wconf 84' lang='lat' dir='ltr'>impudice</span> <span class='ocrx_word' id='word_1_32' title='bbox 1282 1187 1393 1254; x_wconf 87' lang='lat' dir='ltr'>perpe·</span> 
     </span>
     <span class='ocr_line' id='line_1_6' title="bbox 283 1292 1396 1379; baseline 0.001 -21"><span class='ocrx_word' id='word_1_33' title='bbox 283 1295 359 1358; x_wconf 89' lang='lat' dir='ltr'>trari</span> <span class='ocrx_word' id='word_1_34' title='bbox 393 1293 522 1357; x_wconf 88' lang='lat' dir='ltr'>viderat.</span> <span class='ocrx_word' id='word_1_35' title='bbox 557 1292 668 1376; x_wconf 84' lang='lat' dir='ltr'>Usque</span> <span class='ocrx_word' id='word_1_36' title='bbox 702 1311 748 1376; x_wconf 90' lang='lat' dir='ltr'>eo,</span> <span class='ocrx_word' id='word_1_37' title='bbox 784 1293 860 1377; x_wconf 93' lang='lat' dir='ltr'>quid</span> <span class='ocrx_word' id='word_1_38' title='bbox 891 1313 925 1358; x_wconf 89' lang='lat' dir='ltr'>se</span> <span class='ocrx_word' id='word_1_39' title='bbox 955 1295 1087 1379; x_wconf 76' lang='lat' dir='ltr'>deceret,</span> <span class='ocrx_word' id='word_1_40' title='bbox 1117 1293 1207 1360; x_wconf 85' lang='lat' dir='ltr'>obliti</span> <span class='ocrx_word' id='word_1_41' title='bbox 1238 1300 1335 1379; x_wconf 89' lang='lat' dir='ltr'>erant,</span> <span class='ocrx_word' id='word_1_42' title='bbox 1360 1299 1396 1359; x_wconf 92' lang='lat' dir='ltr'>ut</span> 
     </span>
     <span class='ocr_line' id='line_1_7' title="bbox 284 1419 1397 1507; baseline 0.004 -23"><span class='ocrx_word' id='word_1_43' title='bbox 284 1440 360 1484; x_wconf 92' lang='lat' dir='ltr'>cum</span> <span class='ocrx_word' id='word_1_44' title='bbox 396 1421 471 1483; x_wconf 88' lang='lat' dir='ltr'>vino</span> <span class='ocrx_word' id='word_1_45' title='bbox 502 1419 720 1502; x_wconf 84' lang='lat' dir='ltr'>incaluissent,</span> <span class='ocrx_word' id='word_1_46' title='bbox 748 1423 915 1503; x_wconf 88' lang='lat' dir='ltr'>tamquam</span> <span class='ocrx_word' id='word_1_47' title='bbox 938 1421 1085 1487; x_wconf 90' lang='lat' dir='ltr'>homines</span> <span class='ocrx_word' id='word_1_48' title='bbox 1107 1441 1148 1488; x_wconf 85' lang='lat' dir='ltr'>ex</span> <span class='ocrx_word' id='word_1_49' title='bbox 1171 1422 1285 1487; x_wconf 91' lang='lat' dir='ltr'>infima</span> <span class='ocrx_word' id='word_1_50' title='bbox 1306 1422 1397 1507; x_wconf 88' lang='lat' dir='ltr'>plebe</span> 
     </span>
     <span class='ocr_line' id='line_1_8' title="bbox 283 1545 970 1632; baseline -0.001 -20"><span class='ocrx_word' id='word_1_51' title='bbox 283 1548 464 1612; x_wconf 85' lang='lat' dir='ltr'>rixarentur</span> <span class='ocrx_word' id='word_1_52' title='bbox 487 1551 518 1611; x_wconf 90' lang='lat' dir='ltr'>et</span> <span class='ocrx_word' id='word_1_53' title='bbox 541 1545 602 1610; x_wconf 91' lang='lat' dir='ltr'>sibi</span> <span class='ocrx_word' id='word_1_54' title='bbox 626 1545 759 1611; x_wconf 88' lang='lat' dir='ltr'>vulnera</span> <span class='ocrx_word' id='word_1_55' title='bbox 782 1545 970 1632; x_wconf 84' lang='lat' dir='ltr'>infligerent.</span> 
     </span>
    </p>

    <p class='ocr_par' dir='ltr' id='par_1_3' title="bbox 286 1672 1401 2390">
     <span class='ocr_line' id='line_1_9' title="bbox 328 1672 1400 1757; baseline 0.003 -20"><span class='ocrx_word' id='word_1_56' title='bbox 328 1673 425 1757; x_wconf 87' lang='lat' dir='ltr'>Apud</span> <span class='ocrx_word' id='word_1_57' title='bbox 458 1672 684 1756; x_wconf 88' lang='lat' dir='ltr'>Aleiphronem</span> <span class='ocrx_word' id='word_1_58' title='bbox 719 1673 762 1750; x_wconf 84' lang='lat'>(3.</span> <span class='ocrx_word' id='word_1_59' title='bbox 777 1673 832 1756; x_wconf 85' lang='lat'>55)</span> <span class='ocrx_word' id='word_1_60' title='bbox 864 1675 1021 1757; x_wconf 82' lang='lat' dir='ltr'>parasitus</span> <span class='ocrx_word' id='word_1_61' title='bbox 1053 1675 1093 1739; x_wconf 88' lang='lat' dir='ltr'>ad</span> <span class='ocrx_word' id='word_1_62' title='bbox 1123 1677 1263 1740; x_wconf 90' lang='lat' dir='ltr'>amioum</span> <span class='ocrx_word' id='word_1_63' title='bbox 1289 1673 1400 1741; x_wconf 88' lang='lat' dir='ltr'>scribit</span> 
     </span>
     <span class='ocr_line' id='line_1_10' title="bbox 289 1798 1400 1882; baseline 0.001 -18"><span class='ocrx_word' id='word_1_64' title='bbox 289 1799 514 1864; x_wconf 81' lang='lat' dir='ltr'>Soamonidem</span> <span class='ocrx_word' id='word_1_65' title='bbox 557 1798 725 1862; x_wconf 91' lang='lat' dir='ltr'>dominum</span> <span class='ocrx_word' id='word_1_66' title='bbox 770 1818 878 1882; x_wconf 91' lang='lat' dir='ltr'>suum,</span> <span class='ocrx_word' id='word_1_67' title='bbox 911 1819 984 1864; x_wconf 86' lang='lat' dir='ltr'>oum</span> <span class='ocrx_word' id='word_1_68' title='bbox 1022 1801 1106 1865; x_wconf 90' lang='lat' dir='ltr'>diem</span> <span class='ocrx_word' id='word_1_69' title='bbox 1142 1801 1280 1866; x_wconf 88' lang='lat' dir='ltr'>natalem</span> <span class='ocrx_word' id='word_1_70' title='bbox 1314 1801 1400 1865; x_wconf 88' lang='lat' dir='ltr'>ffliae</span> 
     </span>
     <span class='ocr_line' id='line_1_11' title="bbox 286 1925 1400 2012; baseline 0.002 -21"><span class='ocrx_word' id='word_1_71' title='bbox 286 1926 466 2009; x_wconf 86' lang='lat' dir='ltr'>celebraret,</span> <span class='ocrx_word' id='word_1_72' title='bbox 501 1925 622 1989; x_wconf 90' lang='lat' dir='ltr'>multos</span> <span class='ocrx_word' id='word_1_73' title='bbox 653 1944 695 1988; x_wconf 84' lang='lat' dir='ltr'>ex</span> <span class='ocrx_word' id='word_1_74' title='bbox 726 1925 987 2010; x_wconf 87' lang='lat' dir='ltr'>Atheniensibus,</span> <span class='ocrx_word' id='word_1_75' title='bbox 1010 1929 1067 2010; x_wconf 91' lang='lat' dir='ltr'>qui</span> <span class='ocrx_word' id='word_1_76' title='bbox 1091 1927 1210 1992; x_wconf 85' lang='lat' dir='ltr'>divitiis</span> <span class='ocrx_word' id='word_1_77' title='bbox 1235 1932 1266 1992; x_wconf 89' lang='lat' dir='ltr'>et</span> <span class='ocrx_word' id='word_1_78' title='bbox 1284 1945 1400 2012; x_wconf 87' lang='lat' dir='ltr'>genere</span> 
     </span>
     <span class='ocr_line' id='line_1_12' title="bbox 286 2047 1401 2139; baseline 0.001 -23"><span class='ocrx_word' id='word_1_79' title='bbox 286 2047 490 2139; x_wconf 86' lang='lat' dir='ltr'>praestarent,</span> <span class='ocrx_word' id='word_1_80' title='bbox 524 2051 564 2114; x_wconf 91' lang='lat' dir='ltr'>ad</span> <span class='ocrx_word' id='word_1_81' title='bbox 598 2069 728 2114; x_wconf 89' lang='lat' dir='ltr'>coenam</span> <span class='ocrx_word' id='word_1_82' title='bbox 764 2052 927 2116; x_wconf 84' lang='lat' dir='ltr'>vacavisse</span> <span class='ocrx_word' id='word_1_83' title='bbox 958 2057 989 2115; x_wconf 89' lang='lat' dir='ltr'>et</span> <span class='ocrx_word' id='word_1_84' title='bbox 1021 2056 1057 2116; x_wconf 91' lang='lat' dir='ltr'>ut</span> <span class='ocrx_word' id='word_1_85' title='bbox 1085 2051 1204 2117; x_wconf 88' lang='lat' dir='ltr'>festum</span> <span class='ocrx_word' id='word_1_86' title='bbox 1238 2051 1277 2117; x_wconf 89' lang='lat' dir='ltr'>ab</span> <span class='ocrx_word' id='word_1_87' title='bbox 1310 2053 1401 2117; x_wconf 90' lang='lat' dir='ltr'>omni</span> 
     </span>
     <span class='ocr_line' id='line_1_13' title="bbox 287 2175 1399 2264; baseline 0.003 -24"><span class='ocrx_word' id='word_1_88' title='bbox 287 2182 376 2261; x_wconf 90' lang='lat' dir='ltr'>parte</span> <span class='ocrx_word' id='word_1_89' title='bbox 399 2184 481 2241; x_wconf 90' lang='lat' dir='ltr'>esset</span> <span class='ocrx_word' id='word_1_90' title='bbox 503 2175 689 2260; x_wconf 86' lang='lat' dir='ltr'>perfectum,</span> <span class='ocrx_word' id='word_1_91' title='bbox 712 2175 804 2239; x_wconf 82' lang='lat' dir='ltr'>etiam</span> <span class='ocrx_word' id='word_1_92' title='bbox 828 2177 1031 2261; x_wconf 89' lang='lat' dir='ltr'>philosophos</span> <span class='ocrx_word' id='word_1_93' title='bbox 1055 2178 1281 2264; x_wconf 88' lang='lat' dir='ltr'>adsumpsisse.</span> <span class='ocrx_word' id='word_1_94' title='bbox 1306 2175 1399 2264; x_wconf 70' lang='grc' dir='ltr'>(ᾠήθη</span> 
     </span>
     <span class='ocr_line' id='line_1_14' title="bbox 294 2299 1165 2390; baseline -0.001 -22"><span class='ocrx_word' id='word_1_95' title='bbox 294 2301 353 2368; x_wconf 75' lang='lat' dir='ltr'>bair</span> <span class='ocrx_word' id='word_1_96' title='bbox 378 2299 445 2366; x_wconf 76' lang='lat' dir='ltr'>rai</span> <span class='ocrx_word' id='word_1_97' title='bbox 469 2300 535 2373; x_wconf 80' lang='grc' dir='ltr'>τοὺς</span> <span class='ocrx_word' id='word_1_98' title='bbox 558 2299 737 2383; x_wconf 74' lang='grc' dir='ltr'><strong><em>φιλοσόφους</em></strong></span> <span class='ocrx_word' id='word_1_99' title='bbox 761 2307 907 2373; x_wconf 72' lang='grc' dir='ltr'>κοσμῆσαι</span> <span class='ocrx_word' id='word_1_100' title='bbox 930 2301 983 2376; x_wconf 68' lang='grc' dir='ltr'>τὴν</span> <span class='ocrx_word' id='word_1_101' title='bbox 1006 2303 1165 2390; x_wconf 69' lang='grc' dir='ltr'><em>εὐωχίαν).</em></span> 
     </span>
    </p>

    <p class='ocr_par' dir='ltr' id='par_1_4' title="bbox 290 2427 1407 3526">
     <span class='ocr_line' id='line_1_15' title="bbox 334 2427 1399 2513; baseline -0.002 -19"><span class='ocrx_word' id='word_1_102' title='bbox 334 2429 447 2494; x_wconf 84' lang='lat' dir='ltr'>Statim</span> <span class='ocrx_word' id='word_1_103' title='bbox 470 2428 729 2492; x_wconf 89' lang='lat' dir='ltr'>animadvertatis</span> <span class='ocrx_word' id='word_1_104' title='bbox 748 2427 855 2510; x_wconf 88' lang='lat' dir='ltr'>velim,</span> <span class='ocrx_word' id='word_1_105' title='bbox 876 2433 995 2512; x_wconf 89' lang='lat' dir='ltr'>quanto</span> <span class='ocrx_word' id='word_1_106' title='bbox 1013 2429 1217 2494; x_wconf 83' lang='lat' dir='ltr'>verisimilior</span> <span class='ocrx_word' id='word_1_107' title='bbox 1236 2430 1291 2492; x_wconf 93' lang='lat' dir='ltr'>illa</span> <span class='ocrx_word' id='word_1_108' title='bbox 1311 2449 1399 2513; x_wconf 90' lang='lat' dir='ltr'>para·</span> 
     </span>
     <span class='ocr_line' id='line_1_16' title="bbox 290 2554 1403 2639; baseline -0.001 -19"><span class='ocrx_word' id='word_1_109' title='bbox 290 2557 343 2620; x_wconf 91' lang='lat' dir='ltr'>siti</span> <span class='ocrx_word' id='word_1_110' title='bbox 378 2556 419 2621; x_wconf 91' lang='lat' dir='ltr'>sit</span> <span class='ocrx_word' id='word_1_111' title='bbox 453 2554 584 2639; x_wconf 87' lang='lat' dir='ltr'>epistola</span> <span class='ocrx_word' id='word_1_112' title='bbox 608 2575 705 2639; x_wconf 90' lang='lat' dir='ltr'>quam</span> <span class='ocrx_word' id='word_1_113' title='bbox 730 2555 868 2619; x_wconf 90' lang='lat' dir='ltr'>narratio</span> <span class='ocrx_word' id='word_1_114' title='bbox 890 2554 1059 2621; x_wconf 83' lang='lat' dir='ltr'>Lucianea.</span> <span class='ocrx_word' id='word_1_115' title='bbox 1082 2556 1162 2633; x_wconf 79' lang='lat' dir='ltr'>Quis</span> <span class='ocrx_word' id='word_1_116' title='bbox 1185 2557 1272 2620; x_wconf 88' lang='lat' dir='ltr'>enirn</span> <span class='ocrx_word' id='word_1_117' title='bbox 1296 2555 1403 2620; x_wconf 88' lang='lat' dir='ltr'>credat</span> 
     </span>
     <span class='ocr_line' id='line_1_17' title="bbox 292 2680 1403 2767; baseline -0.001 -21"><span class='ocrx_word' id='word_1_118' title='bbox 292 2683 542 2765; x_wconf 88' lang='lat' dir='ltr'>Aristaenetum,</span> <span class='ocrx_word' id='word_1_119' title='bbox 565 2701 640 2746; x_wconf 86' lang='lat' dir='ltr'>oum</span> <span class='ocrx_word' id='word_1_120' title='bbox 665 2680 764 2746; x_wconf 89' lang='lat' dir='ltr'>filiam</span> <span class='ocrx_word' id='word_1_121' title='bbox 788 2683 821 2746; x_wconf 90' lang='lat' dir='ltr'>in</span> <span class='ocrx_word' id='word_1_122' title='bbox 834 2684 1076 2748; x_wconf 88' lang='lat' dir='ltr'>matrimonium</span> <span class='ocrx_word' id='word_1_123' title='bbox 1091 2684 1187 2765; x_wconf 86' lang='lat' dir='ltr'>daret,</span> <span class='ocrx_word' id='word_1_124' title='bbox 1199 2683 1403 2767; x_wconf 89' lang='lat' dir='ltr'>philosophos</span> 
     </span>
     <span class='ocr_line' id='line_1_18' title="bbox 292 2807 1404 2893; baseline -0.001 -20"><span class='ocrx_word' id='word_1_125' title='bbox 292 2807 441 2873; x_wconf 88' lang='lat' dir='ltr'>affinibus</span> <span class='ocrx_word' id='word_1_126' title='bbox 476 2809 717 2892; x_wconf 83' lang='lat' dir='ltr'>anteposuisse?</span> <span class='ocrx_word' id='word_1_127' title='bbox 752 2807 976 2873; x_wconf 85' lang='lat' dir='ltr'>Scamonidem</span> <span class='ocrx_word' id='word_1_128' title='bbox 1007 2828 1081 2873; x_wconf 88' lang='lat' dir='ltr'>vero</span> <span class='ocrx_word' id='word_1_129' title='bbox 1113 2809 1269 2873; x_wconf 87' lang='lat' dir='ltr'>natalium</span> <span class='ocrx_word' id='word_1_130' title='bbox 1300 2809 1404 2893; x_wconf 89' lang='lat' dir='ltr'>splen·</span> 
     </span>
     <span class='ocr_line' id='line_1_19' title="bbox 293 2901 1403 3020; baseline -0.001 -21"><span class='ocrx_word' id='word_1_131' title='bbox 293 2935 401 2999; x_wconf 88' lang='lat' dir='ltr'>dorem</span> <span class='ocrx_word' id='word_1_132' title='bbox 433 2938 555 3018; x_wconf 88' lang='lat' dir='ltr'>praeter</span> <span class='ocrx_word' id='word_1_133' title='bbox 586 2901 663 2998; x_wconf 89' lang='lat' dir='ltr'>alios</span> <span class='ocrx_word' id='word_1_134' title='bbox 695 2935 790 2998; x_wconf 90' lang='lat' dir='ltr'>etiam</span> <span class='ocrx_word' id='word_1_135' title='bbox 815 2935 1018 3018; x_wconf 90' lang='lat' dir='ltr'>philosophos</span> <span class='ocrx_word' id='word_1_136' title='bbox 1042 2935 1185 2999; x_wconf 86' lang='lat' dir='ltr'>vocando</span> <span class='ocrx_word' id='word_1_137' title='bbox 1209 2954 1325 3020; x_wconf 87' lang='lat' dir='ltr'>augere</span> <span class='ocrx_word' id='word_1_138' title='bbox 1348 2954 1403 2998; x_wconf 88' lang='lat' dir='ltr'>vo-</span> 
     </span>
     <span class='ocr_line' id='line_1_20' title="bbox 291 3059 1404 3146; baseline -0.001 -20"><span class='ocrx_word' id='word_1_139' title='bbox 291 3063 400 3146; x_wconf 90' lang='lat' dir='ltr'>luisse,</span> <span class='ocrx_word' id='word_1_140' title='bbox 433 3061 526 3125; x_wconf 87' lang='lat' dir='ltr'>facile</span> <span class='ocrx_word' id='word_1_141' title='bbox 559 3060 729 3125; x_wconf 89' lang='lat' dir='ltr'>credimus.</span> <span class='ocrx_word' id='word_1_142' title='bbox 751 3059 835 3144; x_wconf 83' lang='lat' dir='ltr'>Ergo</span> <span class='ocrx_word' id='word_1_143' title='bbox 858 3061 915 3123; x_wconf 88' lang='lat' dir='ltr'>vix</span> <span class='ocrx_word' id='word_1_144' title='bbox 938 3065 986 3125; x_wconf 92' lang='lat' dir='ltr'>est</span> <span class='ocrx_word' id='word_1_145' title='bbox 1008 3063 1183 3126; x_wconf 87' lang='lat' dir='ltr'>verisimile</span> <span class='ocrx_word' id='word_1_146' title='bbox 1206 3062 1246 3125; x_wconf 88' lang='lat' dir='ltr'>ad</span> <span class='ocrx_word' id='word_1_147' title='bbox 1271 3061 1404 3125; x_wconf 65' lang='lat' dir='ltr'>[luciani</span> 
     </span>
     <span class='ocr_line' id='line_1_21' title="bbox 294 3187 1406 3272; baseline -0.001 -19"><span class='ocrx_word' id='word_1_148' title='bbox 294 3189 479 3272; x_wconf 87' lang='lat' dir='ltr'>exemplum</span> <span class='ocrx_word' id='word_1_149' title='bbox 513 3187 742 3270; x_wconf 82' lang='lat' dir='ltr'>Aleiphronem</span> <span class='ocrx_word' id='word_1_150' title='bbox 770 3188 945 3270; x_wconf 86' lang='lat' dir='ltr'>imaginem</span> <span class='ocrx_word' id='word_1_151' title='bbox 970 3207 1062 3251; x_wconf 90' lang='lat' dir='ltr'>suam</span> <span class='ocrx_word' id='word_1_152' title='bbox 1088 3187 1307 3270; x_wconf 90' lang='lat' dir='ltr'>adumbrasse,</span> <span class='ocrx_word' id='word_1_153' title='bbox 1330 3189 1406 3271; x_wconf 88' lang='lat' dir='ltr'>quia</span> 
     </span>
     <span class='ocr_line' id='line_1_22' title="bbox 292 3312 1407 3398; baseline -0.001 -19"><span class='ocrx_word' id='word_1_154' title='bbox 292 3316 390 3379; x_wconf 93' lang='lat' dir='ltr'>huius</span> <span class='ocrx_word' id='word_1_155' title='bbox 425 3313 557 3398; x_wconf 88' lang='lat' dir='ltr'>epistola</span> <span class='ocrx_word' id='word_1_156' title='bbox 593 3314 692 3376; x_wconf 90' lang='lat' dir='ltr'>multo</span> <span class='ocrx_word' id='word_1_157' title='bbox 726 3312 916 3396; x_wconf 89' lang='lat' dir='ltr'>probabilior</span> <span class='ocrx_word' id='word_1_158' title='bbox 950 3319 996 3378; x_wconf 93' lang='lat' dir='ltr'>est</span> <span class='ocrx_word' id='word_1_159' title='bbox 1025 3333 1122 3397; x_wconf 91' lang='lat' dir='ltr'>quam</span> <span class='ocrx_word' id='word_1_160' title='bbox 1148 3312 1294 3378; x_wconf 80' lang='lat' dir='ltr'>Convivii</span> <span class='ocrx_word' id='word_1_161' title='bbox 1319 3314 1407 3378; x_wconf 89' lang='lat' dir='ltr'>illius</span> 
     </span>
     <span class='ocr_line' id='line_1_23' title="bbox 297 3443 473 3526; baseline 0 -20"><span class='ocrx_word' id='word_1_162' title='bbox 297 3443 473 3526; x_wconf 81' lang='lat' dir='ltr'>descriptio.</span> 
     </span>
    </p>
   </div>
   <div class='ocr_carea' id='block_1_3' title="bbox 340 3565 1408 3653">
    <p class='ocr_par' dir='ltr' id='par_1_5' title="bbox 340 3565 1408 3653">
     <span class='ocr_line' id='line_1_24' title="bbox 340 3565 1408 3653; baseline -0.005 -21"><span class='ocrx_word' id='word_1_163' title='bbox 340 3568 479 3633; x_wconf 88' lang='lat' dir='ltr'>Nullane</span> <span class='ocrx_word' id='word_1_164' title='bbox 512 3568 611 3653; x_wconf 90' lang='lat' dir='ltr'>igitur</span> <span class='ocrx_word' id='word_1_165' title='bbox 641 3565 842 3630; x_wconf 86' lang='lat' dir='ltr'>necessitudo</span> <span class='ocrx_word' id='word_1_166' title='bbox 873 3566 957 3630; x_wconf 88' lang='lat' dir='ltr'>inter</span> <span class='ocrx_word' id='word_1_167' title='bbox 978 3569 1155 3650; x_wconf 90' lang='lat' dir='ltr'>utrumque</span> <span class='ocrx_word' id='word_1_168' title='bbox 1178 3566 1336 3631; x_wconf 89' lang='lat' dir='ltr'>rhetorem</span> <span class='ocrx_word' id='word_1_169' title='bbox 1360 3565 1408 3628; x_wconf 93' lang='lat' dir='ltr'>in-</span> 
     </span>
    </p>
   </div>
   <div class='ocr_carea' id='block_1_4' title="bbox 296 3695 1414 4392">
    <p class='ocr_par' dir='ltr' id='par_1_6' title="bbox 296 3695 415 3760">
     <span class='ocr_line' id='line_1_25' title="bbox 296 3695 415 3760; baseline -0.008 -1"><span class='ocrx_word' id='word_1_170' title='bbox 296 3695 415 3760; x_wconf 80' lang='lat' dir='ltr'>terest?</span> 
     </span>
    </p>

    <p class='ocr_par' dir='ltr' id='par_1_7' title="bbox 298 3814 1411 4153">
     <span class='ocr_line' id='line_1_26' title="bbox 340 3814 1409 3902; baseline -0.005 -18"><span class='ocrx_word' id='word_1_171' title='bbox 340 3821 476 3885; x_wconf 88' lang='lat' dir='ltr'>Minime</span> <span class='ocrx_word' id='word_1_172' title='bbox 508 3837 599 3899; x_wconf 79' lang='lat' dir='ltr'>rer03</span> <span class='ocrx_word' id='word_1_173' title='bbox 635 3836 717 3902; x_wconf 87' lang='lat' dir='ltr'>quae</span> <span class='ocrx_word' id='word_1_174' title='bbox 747 3817 861 3882; x_wconf 90' lang='lat' dir='ltr'>deinde</span> <span class='ocrx_word' id='word_1_175' title='bbox 887 3817 1064 3900; x_wconf 83' lang='lat' dir='ltr'>Aleiphron</span> <span class='ocrx_word' id='word_1_176' title='bbox 1086 3815 1124 3879; x_wconf 93' lang='lat' dir='ltr'>de</span> <span class='ocrx_word' id='word_1_177' title='bbox 1149 3814 1409 3900; x_wconf 88' lang='lat' dir='ltr'>philosophorum</span> 
     </span>
     <span class='ocr_line' id='line_1_27' title="bbox 298 3938 1411 4025; baseline -0.005 -16"><span class='ocrx_word' id='word_1_178' title='bbox 298 3945 468 4010; x_wconf 90' lang='lat' dir='ltr'>insolentia</span> <span class='ocrx_word' id='word_1_179' title='bbox 501 3943 639 4025; x_wconf 89' lang='lat' dir='ltr'>tradidit,</span> <span class='ocrx_word' id='word_1_180' title='bbox 668 3962 709 4006; x_wconf 84' lang='lat' dir='ltr'>ex</span> <span class='ocrx_word' id='word_1_181' title='bbox 742 3962 805 4006; x_wconf 91' lang='lat' dir='ltr'>uno</span> <span class='ocrx_word' id='word_1_182' title='bbox 837 3961 873 4005; x_wconf 90' lang='lat' dir='ltr'>ao</span> <span class='ocrx_word' id='word_1_183' title='bbox 896 3941 1005 4006; x_wconf 90' lang='lat' dir='ltr'>eodem</span> <span class='ocrx_word' id='word_1_184' title='bbox 1030 3940 1117 4004; x_wconf 86' lang='lat' dir='ltr'>fonte</span> <span class='ocrx_word' id='word_1_185' title='bbox 1139 3938 1274 4003; x_wconf 85' lang='lat' dir='ltr'>fluxisse</span> <span class='ocrx_word' id='word_1_186' title='bbox 1298 3943 1411 4022; x_wconf 89' lang='lat' dir='ltr'>statuo,</span> 
     </span>
     <span class='ocr_line' id='line_1_28' title="bbox 300 4063 1339 4153; baseline -0.008 -16"><span class='ocrx_word' id='word_1_187' title='bbox 300 4073 385 4138; x_wconf 91' lang='lat' dir='ltr'>unde</span> <span class='ocrx_word' id='word_1_188' title='bbox 408 4070 569 4135; x_wconf 83' lang='lat' dir='ltr'>Lucienus</span> <span class='ocrx_word' id='word_1_189' title='bbox 593 4063 716 4153; x_wconf 88' lang='lat' dir='ltr'>partem</span> <span class='ocrx_word' id='word_1_190' title='bbox 740 4068 854 4132; x_wconf 87' lang='lat' dir='ltr'>saltem</span> <span class='ocrx_word' id='word_1_191' title='bbox 876 4069 1067 4131; x_wconf 88' lang='lat' dir='ltr'>narrationis</span> <span class='ocrx_word' id='word_1_192' title='bbox 1092 4070 1260 4130; x_wconf 88' lang='lat' dir='ltr'>mutuatus</span> <span class='ocrx_word' id='word_1_193' title='bbox 1284 4071 1339 4130; x_wconf 89' lang='lat' dir='ltr'>est.</span> 
     </span>
    </p>

    <p class='ocr_par' dir='ltr' id='par_1_8' title="bbox 300 4193 1414 4392">
     <span class='ocr_line' id='line_1_29' title="bbox 346 4193 1414 4282; baseline -0.007 -19"><span class='ocrx_word' id='word_1_194' title='bbox 346 4199 500 4282; x_wconf 85' lang='lat' dir='ltr'>Inspicias</span> <span class='ocrx_word' id='word_1_195' title='bbox 529 4195 633 4278; x_wconf 90' lang='lat' dir='ltr'>modo,</span> <span class='ocrx_word' id='word_1_196' title='bbox 666 4214 748 4278; x_wconf 92' lang='lat' dir='ltr'>quae</span> <span class='ocrx_word' id='word_1_197' title='bbox 779 4199 914 4278; x_wconf 87' lang='lat' dir='ltr'>uterque</span> <span class='ocrx_word' id='word_1_198' title='bbox 945 4195 983 4258; x_wconf 94' lang='lat' dir='ltr'>de</span> <span class='ocrx_word' id='word_1_199' title='bbox 1006 4194 1118 4274; x_wconf 86' lang='lat' dir='ltr'>cynico</span> <span class='ocrx_word' id='word_1_200' title='bbox 1142 4193 1281 4277; x_wconf 90' lang='lat' dir='ltr'>quodam</span> <span class='ocrx_word' id='word_1_201' title='bbox 1305 4196 1414 4256; x_wconf 89' lang='lat' dir='ltr'>narrat</span> 
     </span>
     <span class='ocr_line' id='line_1_30' title="bbox 300 4318 1412 4392; baseline -0.009 0"><span class='ocrx_word' id='word_1_202' title='bbox 300 4328 330 4392; x_wconf 91' lang='lat' dir='ltr'>et</span> <span class='ocrx_word' id='word_1_203' title='bbox 362 4324 440 4387; x_wconf 90' lang='lat' dir='ltr'>mihi</span> <span class='ocrx_word' id='word_1_204' title='bbox 464 4321 619 4387; x_wconf 89' lang='lat' dir='ltr'>concedes</span> <span class='ocrx_word' id='word_1_205' title='bbox 643 4319 888 4385; x_wconf 90' lang='lat' dir='ltr'>similitudinem</span> <span class='ocrx_word' id='word_1_206' title='bbox 912 4338 976 4383; x_wconf 91' lang='lat' dir='ltr'>non</span> <span class='ocrx_word' id='word_1_207' title='bbox 999 4318 1165 4383; x_wconf 89' lang='lat' dir='ltr'>fortuitam</span> <span class='ocrx_word' id='word_1_208' title='bbox 1190 4319 1243 4382; x_wconf 91' lang='lat' dir='ltr'>hic</span> <span class='ocrx_word' id='word_1_209' title='bbox 1265 4318 1412 4383; x_wconf 82' lang='lat' dir='ltr'>inveniri.</span> 
     </span>
    </p>
   </div>
   <div class='ocr_carea' id='block_1_5' title="bbox 0 0 1683 5242">
    <p class='ocr_par' dir='ltr' id='par_1_9' title="bbox 0 0 1683 5242">
     <span class='ocr_line' id='line_1_31' title="bbox 0 0 1683 5242; baseline 0 0"><span class='ocrx_word' id='word_1_210' title='bbox 0 0 1683 5242; x_wconf 95' lang='lat' dir='ltr'> </span> 
     </span>
    </p>
   </div>
  </div>
 </body>
</html>
