3310 5242
826 591 882 652 ·66

299 819 397 882 quam
428 802 598 864 maximam
629 820 773 883 navasse,
804 806 840 865 ut
862 783 981 865 fabulis
1002 800 1085 864 fictis
1110 801 1247 883 speciem
1273 798 1421 861 veritatis

301 927 456 1012 inderent,
486 928 579 990 ouius
608 928 742 991 rationis
774 927 975 992 luculentum
999 926 1182 1010 exemplum
1206 922 1337 1008 praebet
1358 921 1424 986 Lu-

302 1053 413 1136 ¹cianus
436 1054 471 1116 in
493 1051 649 1117 Toxaride
672 1051 797 1117 fabulas
821 1053 964 1137 undique
983 1071 1125 1117 corrasus
1145 1069 1202 1134 pro
1216 1050 1300 1113 veris
1313 1048 1424 1113 vendi·
1465 1040 1467 1045 ’

302 1182 382 1244 tans.
414 1178 488 1263 (cfr.
518 1179 594 1244 Tox.
627 1180 666 1242 11
700 1177 918 1257 ἐπομοσάμενος
950 1173 967 1252 ἦ
998 1177 1058 1256 μὴν
1083 1176 1208 1250 ἀληθῆ
1236 1176 1303 1256 ἐρεῖν
1325 1180 1356 1240 et
1382 1176 1422 1238 10

303 1303 417 1382 ὀλίγους
450 1304 482 1368 δέ
515 1329 596 1378 τινος
630 1303 885 1386 προχειρισάμενος
919 1307 975 1368 τῶν
1009 1296 1227 1379 saducaeis
1258 1299 1423 1379 αὐτούς).

302 1428 375 1511 Hoc
406 1432 506 1515 igitur
539 1433 733 1516 praejudicio
766 1431 804 1495 de
835 1433 965 1494 nomine
994 1427 1122 1514 Nigrini
1152 1428 1234 1493 facto
1258 1428 1297 1492 ad
1318 1429 1423 1512 ipsam

303 1560 522 1641 quaestionem
546 1558 724 1623 redeamus.

346 1684 518 1769 Nigrinum
544 1690 650 1749 antem
675 1684 859 1764 doctrinam,
882 1703 979 1768 quam
999 1685 1034 1747 in
1054 1682 1124 1746 aliis
1137 1681 1271 1764 dialogis
1283 1677 1423 1759 Cynicae

303 1830 457 1894 personae
479 1808 676 1893 profitentur,
699 1827 774 1892 prae
794 1828 828 1874 se
847 1808 929 1873 ferre
938 1810 1004 1892 Jam
1017 1807 1238 1890 animadverti,
1250 1805 1305 1870 sed
1319 1806 1427 1887 etiam,

305 1955 387 2020 quae
411 1918 587 2000 ex'intimc
612 1919 747 1998 Luciani
770 1935 865 1999 corde
887 1934 1082 2018 profluxisse
1105 1933 1184 1997 mihi
1207 1933 1359 1998 videntur
1381 1950 1425 1996 ox

305 2062 449 2127 eiusdem
483 2061 663 2146 philosophi
694 2079 748 2124 ore
771 2061 930 2124 audimus.
955 2058 1231 2136 Quemadmodum
1256 2063 1365 2142 postea
1389 2059 1426 2120 in

304 2186 451 2290 hdercede
474 2185 647 2250 Conduotis
667 2184 831 2250 Lucienus
849 2186 932 2268 fecit,
952 2187 997 2249 sic
1017 2183 1173 2269 Nigrinus
1193 2185 1229 2246 in
1248 2184 1308 2248 hoo
1329 2201 1426 2266 opere

213 2325 215 2330 ·
303 2312 520 2378 Romanorum
545 2312 710 2376 luxuriem
734 2311 846 2376 acerbe
869 2311 1036 2375 cavillatus
1060 2311 1124 2393 (15,
1150 2310 1203 2389 16)
1227 2310 1266 2374 de
1288 2327 1426 2373 nomen-

305 2407 487 2536 clatoribus,
510 2439 549 2503 de
574 2437 745 2502 clientibus
769 2438 933 2519 (ar-24),
957 2437 995 2501 de
1020 2455 1185 2500 servorum
1209 2435 1338 2499 fortuna
1358 2436 1425 2517 (34)

303 2566 348 2630 ita
377 2565 505 2630 locutus
536 2569 592 2648 est,
626 2569 662 2629 ut
685 2564 861 2629 malevolus
884 2564 986 2646 ipsius
1010 2562 1172 2646 scriptoris
1196 2563 1325 2625 animus
1348 2581 1426 2645 erga

304 2690 426 2755 nobiles
449 2689 589 2767 Quirites
612 2689 800 2754 manifestus
824 2694 937 2773 pateat.
962 2687 1079 2752 Contra
1102 2688 1246 2752 Athenas
1268 2687 1425 2770 urbisque

302 2818 423 2884 incolas
454 2817 550 2881 tantis
578 2817 710 2880 sustulit
732 2814 891 2897 laudibus,
916 2819 953 2877 ut
975 2816 1096 2897 priscos
1120 2814 1342 2895 Athenienses,
1366 2814 1426 2896 qui

303 2946 437 3029 patriam
471 2964 491 3007 a
522 2941 630 3007 Persis
665 2941 877 3018 defenderent,
912 2928 982 3005 tum
1017 2943 1112 3005 etiam
1142 2942 1264 3005 vixisse
1295 2944 1425 3023 putares

305 3071 469 3155 (ra-14).
544 3049 547 3057 '

351 3197 436 3275 Quid
458 3199 557 3283 igitur
580 3197 618 3261 de
641 3196 805 3260 Platonico
829 3195 1027 3280 philosopho,
1051 3196 1107 3279 qui
1130 3193 1240 3277 Cynici
1266 3197 1297 3258 et
1318 3193 1423 3276 ipsius

307 3324 441 3389 Luciani
464 3323 561 3389 verba
584 3324 676 3408 dicat,
702 3322 896 3388 censendum
923 3322 995 3387 est?
1280 3305 1285 3318 ¹

350 3451 417 3516 Diu
440 3449 629 3532 nesciebam,
651 3449 780 3513 tandem
803 3449 882 3513 mihi
905 3447 965 3512 lux
989 3453 1057 3513 orta
1081 3453 1144 3514 est:
1168 3448 1222 3511 ille
1234 3445 1423 3510 Platonicus

307 3598 325 3644 e
359 3578 529 3643 Comoedia
561 3579 596 3640 in
630 3580 774 3640 nostrum
806 3575 969 3659 dialogum
992 3576 1087 3638 venit.
1113 3572 1338 3650 Meministine,
1361 3572 1426 3636 leo·

307 3708 364 3788 tor,
387 3724 438 3769 me
460 3705 495 3767 in
518 3704 619 3787 capite
642 3703 744 3787 primo
771 3703 836 3766 mei
858 3701 932 3766 libri
956 3700 1217 3765 animadvertisse
1241 3698 1422 3764 Lucianum

306 3831 402 3895 variis
437 3830 540 3894 modis
575 3830 711 3893 comicos
745 3832 854 3912 poetas
888 3830 922 3892 in
957 3837 1053 3890 suum
1085 3845 1180 3889 usum
1203 3825 1423 3889 convertisse?

306 3957 375 4022 Aut
404 3962 507 4022 toturn
538 3960 763 4040 argumentum
793 3954 832 4018 ab
862 3953 928 4017 illis
951 3953 1097 4036 sumpsit,
1120 3956 1175 4015 aut
1198 3951 1338 4035 episodio
1363 3949 1424 4014 ali-

307 4103 371 4168 quo
399 4084 450 4148 vel
475 4102 610 4168 persona
632 4102 714 4147 usus
736 4085 792 4163 est,
815 4084 852 4144 ut
874 4079 1036 4162 dialogum
1061 4076 1243 4141 hilariorem
1268 4076 1423 4141 redderet.

305 4210 421 4276 Nonne
449 4213 580 4276 initium
609 4209 711 4274 nostri
739 4206 875 4292 Nigrini,
905 4205 961 4269 ubi
983 4204 1040 4267 illa
1061 4204 1265 4268 vehementia
1286 4201 1423 4267 Luoiani

306 4335 403 4402 verba
424 4337 586 4422 leguntur,
608 4355 650 4400 ex
671 4334 726 4397 illo
748 4333 834 4398 fonte
855 4331 991 4396 fluxisse
1015 4329 1188 4394 verisimile
1212 4329 1289 4394 est?
