3310 5242
805 577 847 642 62

268 787 409 852 seeundo
443 787 594 872 vidimus)
629 806 671 852 ne
703 787 808 851 ullum
843 787 975 871 quidem
1004 787 1258 872 philosophicum
1290 807 1386 873 argu·

269 917 412 978 mentum
436 913 586 998 attigisse.

314 1038 376 1104 Sed
408 1039 555 1123 graviora
590 1037 723 1116 obstant,
758 1040 931 1123 quominus
966 1039 1093 1124 Nigrini
1122 1038 1249 1104 laudem
1274 1057 1315 1103 ex
1338 1040 1387 1101 in·
1461 1057 1464 1062 ·

268 1165 346 1229 timo
368 1163 503 1228 huniani
522 1165 630 1246 animo
655 1169 756 1228 ortam
782 1184 852 1231 esee
876 1165 1073 1231 arbitremur.
1097 1163 1260 1241 Quaenam
1283 1166 1387 1248 imago

268 1287 403 1353 huoiani
438 1293 521 1353 esset
551 1289 747 1372 delineanda,
780 1291 808 1354 si
840 1290 997 1376 Nigrinus
1027 1310 1084 1375 pro
1108 1309 1183 1355 vera
1205 1289 1387 1355 laudatione

269 1413 437 1478 cuiusdam
471 1413 627 1478 Platonioi
648 1414 843 1480 haberetur?
866 1416 980 1501 Usque
1003 1416 1043 1480 ad
1066 1436 1188 1480 annum
1212 1416 1388 1500 quadrage·

270 1541 387 1604 simum
410 1537 572 1604 Lucienus
595 1540 702 1604 rhetor
724 1539 847 1604 nullam
870 1541 1090 1625 philosophiae
1114 1542 1258 1605 notitiam
1282 1545 1388 1605 osten-

271 1650 320 1728 dit
339 1664 404 1745 (ofr.
428 1670 523 1749 eaput
544 1665 606 1746 H);
626 1669 696 1729 tum
716 1671 845 1750 repente
864 1668 991 1730 cuidam
1009 1664 1175 1730 Platonico
1194 1666 1389 1751 discipulum

271 1809 305 1856 se
328 1790 468 1872 addixit3
493 1789 599 1854 subito
619 1809 732 1855 rursus
751 1790 848 1856 huius
867 1792 929 1855 viri
949 1791 1076 1875 oblitus,
1096 1791 1267 1856 ouiushbet
1286 1795 1390 1857 sectae

271 1918 475 2004 philosophos
507 1920 642 1982 satiricis
674 1918 807 2002 dialogis
826 1922 1014 2003 persecutus
1034 1923 1081 1984 est
1104 1917 1170 1999 (ofr.
1194 1937 1218 1982 o.
1242 1917 1292 1982 ΙΠ
1315 1919 1390 2002 53),

273 2050 328 2111 aut
351 2046 529 2111 seeundum
552 2045 763 2109 Fritzsohium
788 2064 806 2109 e
828 2043 993 2109 Platonico
1012 2044 1175 2129 Soeptious
1195 2046 1311 2126 evasit3
1325 2065 1389 2129 qua

271 2173 363 2237 tertia
386 2173 534 2257 opinione
555 2171 682 2254 repulsa
700 2172 851 2255 antiquos
870 2171 1075 2256 philosophos
1095 2172 1130 2234 in
1150 2170 1207 2235 Bis
1229 2172 1389 2235 Aoousato

197 2377 200 2386 Ι
273 2304 304 2365 et
322 2299 483 2364 Piscatore
502 2297 605 2362 oolere
620 2297 798 2381 eoepit(ofr.
811 2317 836 2362 o.
849 2297 930 2380 1115
944 2299 984 2376 2).
997 2296 1389 2374 Quietamenhuoianum

272 2428 305 2490 in
338 2425 470 2510 dialogis
494 2423 555 2489 sibi
578 2425 684 2489 statim
706 2424 950 2489 suceedentibus
969 2426 1063 2489 toties
1085 2426 1267 2508 opinionem
1287 2427 1391 2487 muta-

273 2552 359 2616 visse
393 2550 524 2615 oredatl
547 2548 663 2614 Nonne
684 2549 820 2615 Proteus
844 2548 995 2634 Luoiano,
1019 2549 1122 2634 qualis
1146 2550 1265 2614 oriris
1289 2549 1391 2614 dootis

272 2677 415 2770 fingitur,
444 2677 639 2740 constantior
664 2681 712 2741 est
734 2676 921 2761 putandus?
945 2676 990 2740 At
1013 2694 1167 2740 memores
1191 2676 1293 2740 simus
1314 2675 1387 2739 illos

274 2802 460 2888 philologos,
483 2821 557 2865 oum
581 2800 755 2885 Nigrinum
779 2802 882 2867 solum
907 2806 979 2867 aute
1003 2801 1112 2866 ooulos
1136 2801 1297 2885 haberent,
1321 2819 1386 2885 quo

275 2928 405 2992 vinculo
440 2947 514 2991 oum
550 2927 620 2992 aliis
651 2928 794 3011 ejusdem
825 2929 1005 3013 argumenti
1035 2928 1170 3012 dialogis
1200 2928 1392 3010 cohaereret,

275 3073 452 3138 numquam
476 3071 586 3132 seeum
609 3058 785 3137 reputasse.

321 3178 437 3244 Nonne
467 3178 570 3243 multo
602 3179 807 3244 verisimilius
830 3183 886 3263 est,
910 3177 1089 3243 Luoianum
1112 3198 1154 3244 ex
1175 3180 1308 3264 rhetore,
1330 3181 1389 3264 'qui

277 3305 312 3369 in
341 3305 538 3390 philosophis
562 3305 732 3370 irridendis
756 3303 899 3370 Comioos
923 3310 955 3370 et
975 3304 1162 3390 Menippum
1186 3304 1225 3369 ob
1249 3307 1390 3391 lepidum

278 3437 504 3517 argumentum
527 3436 657 3497 seoutus
679 3437 755 3516 erat,
776 3433 942 3517 paullatim
963 3435 1102 3497 amioum
1121 3432 1214 3497 illum
1234 3437 1266 3498 et
1284 3432 1391 3499 defen·

279 3578 382 3624 sorem
415 3559 631 3643 philosophiae
659 3558 778 3624 fautum
802 3578 881 3642 esse,
905 3578 1002 3644 quem
1024 3561 1058 3622 in
1081 3558 1242 3625 Piscatore
1266 3564 1297 3624 et
1319 3580 1393 3645 pos·

278 3684 449 3750 teriorihus
471 3684 562 3750 libris
586 3685 818 3769 eognovimus?
843 3683 939 3750 Omni
958 3687 1058 3770 igitur
1080 3686 1186 3750 studio
1204 3687 1390 3752 enitendum

280 3815 337 3895 est,
371 3815 408 3874 ut
429 3810 484 3875 illa
506 3808 613 3891 dirupta
638 3811 677 3875 de
698 3809 840 3876 Luoiauo
863 3810 1019 3876 Platonici
1043 3812 1211 3877 cuiusdam
1236 3812 1391 3897 disoipulo

281 3955 378 4021 quam
402 3936 565 4020 aptissime
588 3936 741 4003 solvatur.

324 4061 443 4147 Ranlre,
484 4062 610 4129 Beklrer
623 4059 656 4146 ¹),
697 4062 843 4146 Bernays
857 4064 889 4147 ⁹),
932 4049 1050 4147 aliique
1090 4064 1154 4128 riri
1192 4065 1284 4149 dooti,
1318 4067 1395 4150 quia

315 4259 340 4322 l)
357 4260 385 4312 in
402 4275 450 4312 sua
467 4260 589 4313 editione.

314 4349 343 4421 2)
361 4352 473 4421 Bernays
489 4353 559 4421 (Luc.
573 4351 628 4404 und
644 4351 686 4404 die
702 4349 817 4420 Kyniher
833 4369 858 4420 p.
874 4351 1043 4418 aepoubuaa
1127 4403 1129 4408 .
