3310 5242
766 575 785 636 3

214 788 425 849 monumenta
456 784 494 848 ab
527 783 687 848 oblivione
719 783 783 847 sint
815 783 982 847 vindicata.
1015 781 1134 858 Quanti
1158 782 1219 845 hoc
1242 782 1334 845 aesti-

215 911 372 974 mandum
396 911 445 993 sit,
467 909 560 973 facile
584 910 687 973 cuivis
711 908 883 993 apparebit,
907 910 935 973 si
958 928 1064 974 secum
1085 912 1219 992 reputet,
1240 926 1335 990 quam

214 1056 321 1120 panca
352 1040 527 1100 ceterorum
562 1034 755 1099 Graecorum
777 1035 934 1118 Juvenilia
957 1036 1075 1118 scripta
1097 1033 1200 1097 adhuc
1223 1031 1337 1096 habea-

214 1180 300 1224 mus.
331 1159 375 1225 Ut
410 1179 451 1260 err
480 1160 629 1245 pluribus
661 1181 763 1224 unum
795 1161 932 1244 laudem,
961 1165 1039 1243 quot
1062 1159 1233 1244 tragoediis
1256 1178 1334 1243 pan-

213 1288 330 1372 gendis
371 1286 541 1371 Sophocles
586 1306 620 1351 se
654 1289 837 1353 exercuisse
869 1288 1032 1371 putandus
1069 1291 1127 1369 est,
1162 1290 1334 1368 antequam

214 1413 326 1495 Ajacis
355 1412 504 1495 fabulam,
535 1433 631 1496 quam
663 1432 703 1476 ex
735 1418 865 1496 septem,
889 1432 970 1496 quae
994 1417 1175 1496 supersunt,
1200 1413 1334 1495 primam

215 1540 355 1622 scripsit,
377 1544 425 1603 est
448 1539 608 1603 exorsus?

263 1663 354 1740 Quod
378 1683 453 1729 vero
476 1665 517 1729 ad
538 1663 718 1728 Lucienum
742 1666 887 1748 pertinet,
911 1665 1006 1728 etiam
1029 1663 1122 1727 hodie
1143 1664 1337 1746 investigare

214 1789 312 1854 nobis
345 1790 428 1872 licet,
463 1809 546 1873 quae
577 1792 713 1873 scriptor
744 1789 848 1853 adhuc
873 1790 1003 1872 Juvenis
1033 1791 1232 1873 praestiterit,
1257 1807 1339 1872 quos

216 1917 317 1980 duces
347 1920 475 1980 secutus
507 1917 556 1997 sit,
588 1935 671 1999 quae
691 1915 813 1997 judicia
836 1919 946 1999 postea
969 1917 1150 1997 correxerit,
1174 1917 1337 1998 vitamque

216 2041 358 2105 hominis
381 2045 478 2124 atque
501 2040 640 2106 indolem
663 2059 728 2104 non
752 2043 861 2106 minus
886 2062 982 2125 quam
1002 2042 1030 2106 si
1049 2041 1218 2106 nobiscum
1238 2041 1339 2105 vixis·

218 2172 277 2250 set,
302 2185 492 2251 cognoscere
515 2187 696 2251 possumus.

265 2293 380 2358 Postea
409 2292 573 2357 Lucienus
604 2313 698 2357 carus
726 2293 790 2356 fuit
818 2295 867 2372 iis,
892 2295 947 2377 qni
970 2295 1005 2357 in
1028 2293 1120 2357 ltalia
1143 2293 1278 2358 cultiore
1302 2313 1339 2358 ac

217 2419 321 2483 libero
343 2420 472 2502 ingenio
491 2419 625 2502 praediti
645 2423 743 2501 erant,
763 2438 836 2483 cum
858 2421 1008 2502 antiquae
1028 2419 1150 2482 litterae
1169 2418 1207 2483 ab
1220 2419 1340 2502 inferio,

217 2551 259 2612 ut
290 2548 335 2610 ita
369 2546 480 2628 dicam,
515 2547 740 2628 excitarentur,
774 2550 805 2610 et
838 2564 942 2610 novus
975 2545 1156 2609 seculorum
1186 2546 1342 2629 inciperet

219 2673 308 2737 ordo.
348 2672 489 2756 Poggius
527 2671 754 2746 Bracoiolinus‚
790 2676 826 2735 ut
859 2671 1148 2755 locupletissimum
1183 2671 1340 2754 proferam

207 2803 344 2895 testem,
379 2779 504 2862 cosmo?
527 2798 566 2861 de
600 2797 725 2880 Medici,
760 2799 878 2881 quippe
913 2798 970 2881 qui
1005 2797 1140 2882 pedibus
1174 2797 1342 2882 laboraret,

220 2925 356 3009 roganti,
400 2928 435 2987 ut
474 2923 535 2988 sibi
569 2923 686 2987 librum
718 2923 900 3006 jucundum
935 2927 966 2988 et
1000 2924 1132 2988 hilarem
1167 2924 1341 3009 praeberet,

222 3050 378 3134 quaedam
404 3067 498 3132 opera
520 3046 683 3113 Lucianea
706 3069 725 3112 a
748 3068 782 3113 se
804 3051 874 3133 ipso
897 3049 995 3113 latine
1018 3069 1111 3115 versa
1134 3051 1233 3113 misit.

267 3175 421 3240 Erasmus
452 3174 616 3258 popularis
647 3180 766 3258 noster,
798 3175 837 3239 ad
861 3176 1027 3240 stultitiam
1053 3176 1236 3260 aequalium
1259 3177 1341 3241 deri-

224 3303 362 3367 dendam
392 3306 497 3384 natus,
526 3302 689 3366 satiricum
713 3300 969 3366 Samosatensem
992 3301 1141 3367 laudibus
1165 3304 1343 3368 cumulavit

221 3430 352 3494 eximiis
376 3427 519 3513 (Epistol.
545 3430 597 3491 29.
623 3429 665 3510 5).

269 3554 383 3619 Plures
405 3573 492 3638 vero,
517 3556 573 3638 qui
596 3555 701 3637 ipsum
725 3553 969 3636 admirarentur,
994 3555 1129 3639 scriptor
1152 3560 1342 3621 consecutus

225 3685 274 3746 est
298 3681 405 3745 seculo
430 3681 551 3745 decimo
576 3684 696 3756 octavo,
719 3697 792 3744 eum
817 3684 959 3764 tempora
981 3699 1018 3744 ac
1038 3681 1203 3745 hominum
1224 3684 1344 3766 opinio-

226 3826 285 3870 nes
325 3807 437 3872 multis
471 3808 506 3869 in
540 3806 636 3871 rebus
673 3825 747 3869 cum
782 3806 1021 3870 Antoninorum
1057 3825 1134 3871 aevo
1169 3809 1343 3892 comparari

228 3938 366 4018 possent.
402 3933 527 3997 Gibbon
558 3934 612 3997 ille
635 3938 728 3997 atrox
752 3932 986 3997 Christianismi
1010 3938 1132 4018 spretor
1154 3953 1227 3999 eum
1250 3955 1346 4000 vene-

228 4062 351 4126 ratione
374 4062 578 4145 prosequitur
601 4065 729 4144 propter
754 4061 822 4142 „his
841 4059 1038 4125 fashionable
1056 4059 1239 4144 irreligion”
1252 4067 1348 4146 atque

230 4187 360 4270 Goethe,
393 4205 498 4270 neque
527 4186 555 4249 is
585 4185 659 4250 fidei
690 4187 868 4269 proximus
898 4185 1009 4249 multis
1038 4185 1144 4250 verbis
1175 4190 1206 4251 et
1228 4207 1343 4271 magno

228 4334 305 4379 cnm
328 4332 434 4378 amore
455 4313 628 4396 imaginem
650 4313 818 4378 cuiusdam
842 4313 988 4397 magistri
1011 4313 1063 4378 sui
1086 4311 1266 4397 delineavit,
1287 4315 1344 4398 qui
