3328 5234
748 594 788 655 93

209 803 339 867 moleste
370 805 481 867 iterato
504 802 586 867 affici
610 807 721 886 potest,
744 801 801 866 ubi
826 806 857 865 et
886 800 1043 883 Cyniscus
1067 807 1097 866 et
1121 801 1270 884 Micyllus
1294 823 1328 868 se

210 927 335 990 nullum
368 926 495 991 obolum
524 947 632 991 secum
659 927 802 990 attulisse
827 926 964 989 Oharoni
990 927 1100 990 dicunt
1123 927 1177 1007 (19
1201 932 1231 991 et
1254 930 1324 1006 21);

208 1054 322 1119 deinde
365 1056 521 1119 orationes
563 1055 602 1118 ad
636 1035 917 1117 Rhadamanthum
953 1052 991 1116 ab
1029 1058 1166 1136 utroque
1201 1053 1325 1119 habitae

149 1239 153 1250 ‚
209 1179 288 1242 nihil
310 1181 393 1243 inter
417 1198 451 1243 se
474 1180 593 1243 distant
617 1182 680 1261 (24,
704 1180 766 1261 25),
789 1181 833 1242 ita
857 1184 893 1243 ut
918 1179 1083 1260 Micyllum
1107 1181 1141 1243 in
1166 1180 1326 1265 dialogum

207 1326 225 1368 a
252 1303 394 1368 Lucieno
419 1305 547 1368 demum
571 1325 640 1369 esse
663 1308 818 1369 insertum
843 1309 1009 1389 procerte
1034 1305 1192 1371 affirmare
1215 1308 1327 1371 ausim.

211 1429 280 1506 Quo
304 1432 432 1513 accedit,
456 1430 543 1514 quod
565 1433 664 1513 locus,
689 1431 744 1494 ubi
763 1430 914 1511 Micyllus
936 1430 1109 1511 Cyniscum
1131 1433 1212 1495 serio
1230 1438 1328 1517 rogat,

210 1577 287 1621 num
320 1557 492 1621 Eleusiniis
524 1559 684 1638 mysteriis
712 1558 753 1620 sit
777 1558 928 1633 initiatus,
954 1576 1049 1641 prave
1073 1579 1091 1620 a
1114 1556 1255 1622 Luciano
1280 1564 1328 1623 est
1426 1589 1429 1596 ⁴

210 1681 346 1763 additus
370 1684 445 1765 quia
469 1702 533 1744 non
558 1681 749 1762 Cynicorum
763 1687 829 1746 erat
843 1682 920 1745 haec
933 1684 1085 1762 mysteria
1099 1685 1205 1767 magni
1218 1683 1329 1748 facere.

253 1808 352 1872 Vides
375 1828 459 1892 ergo,
484 1814 518 1872 ut
541 1828 622 1891 quae
642 1809 700 1872 hac
719 1809 915 1892 paragrapho
937 1814 1127 1873 consecutus
1150 1829 1327 1892 sum,com·

210 1935 412 2017 prehendam,
443 1936 476 1997 in
500 1934 603 1998 tribus
627 1935 759 2019 dialogis
781 1935 1031 2020 Icaromenippc,
1057 1935 1156 2019 Gallo,
1179 1937 1328 2018 Tyranno

213 2059 331 2142 Cynica
353 2061 457 2141 verba,
478 2080 559 2144 quae
579 2059 742 2124 Lucianus
763 2061 904 2144 Manippi
921 2081 1041 2126 memor
1053 2063 1187 2146 scripsit,
1200 2065 1329 2128 comicis

212 2189 356 2270 personis
391 2187 651 2270 (Icaromenippo,
682 2187 782 2268 Gallu,
815 2187 956 2269 Micyllo)
987 2188 1106 2252 tributa
1138 2194 1168 2252 et
1190 2189 1328 2252 indolem

214 2313 410 2397 dialogorum
430 2315 550 2396 jocosis
574 2333 591 2376 θ
616 2315 778 2379 comoedia
799 2315 903 2378 scenis
924 2314 1040 2377 additis
1060 2314 1239 2378 hilariorem
1260 2332 1329 2377 essa

211 2440 334 2504 factam.
355 2440 449 2504 Nunc
470 2441 508 2504 ad
527 2441 707 2525 Nigrinum,
730 2442 815 2506 unde
835 2442 1006 2526 disputatio
1027 2461 1141 2506 exorsa
1160 2447 1216 2522 est,
1236 2443 1329 2505 redeo

212 2572 307 2650 atque
342 2587 398 2631 vos
429 2587 515 2650 roge,
547 2587 653 2631 nonne
685 2587 755 2632 mea
783 2569 889 2650 opinio
914 2569 953 2632 de
976 2570 1096 2631 comica
1118 2551 1205 2630 illius
1228 2566 1330 2650 philo·

213 2693 302 2776 sophi
335 2694 457 2776 origine
487 2714 634 2777 magnam
660 2695 726 2757 veri
750 2695 886 2777 speciem
911 2714 985 2777 prae
1010 2713 1044 2758 se
1067 2693 1150 2758 ferre
1174 2692 1329 2756 videatur.

254 2819 437 2901 Antequam
474 2838 547 2882 varo
582 2819 621 2882 ad
653 2818 812 2882 ultimam
830 2819 926 2883 huius
961 2821 1073 2903 capitis
1097 2817 1329 2902 paragraphum

211 2948 346 3025 transeo,
370 2943 567 3025 documenta,
592 2964 673 3027 quae
693 2944 870 3009 Lucianum
893 2948 927 3008 in
941 2944 1090 3028 operibus
1102 2945 1329 3027 componendis

212 3071 413 3153 neglegenter
437 3071 538 3153 egisse
562 3070 704 3154 probant,
730 3071 782 3134 hio
806 3071 974 3134 indicabo:

258 3193 299 3256 10.
323 3195 480 3279 Nigrinus
502 3194 686 3260 Platonicus
710 3198 823 3276 cynica
847 3196 994 3280 dogmata
1019 3197 1117 3261 docet.

257 3319 300 3383 2⁰.
325 3321 456 3384 Amator
491 3324 525 3385 in
561 3322 632 3384 dial.
672 3320 746 3386 Mer.
782 3320 846 3383 XV
882 3323 974 3385 modo
1009 3319 1212 3406 Megarensis,
1237 3322 1330 3385 modo

320 3447 454 3512 Aetolus
480 3449 674 3530 nominatur,
700 3448 793 3511 modo
817 3448 857 3512 ad
881 3468 991 3512 necem
1017 3449 1213 3530 vulneratur,
1237 3449 1330 3511 modo

322 3575 428 3638 statim
454 3572 526 3637 abit.
577 3651 585 3668 .

242 3698 300 3793 ¹30.
325 3699 362 3762 ln
399 3698 596 3762 Hermotimo
632 3700 831 3783 philosophia
863 3701 981 3783 passim
1014 3701 1235 3782 contemnitur,
1267 3720 1332 3764 uno

324 3831 431 3888 tamen
455 3825 524 3888 loco
548 3825 707 3889 laudatur.

257 3949 301 4014 4⁰.
325 3951 365 4015 ln
388 3951 535 4015 Vitarum
558 3951 719 4016 Auctione
743 3948 800 4026 βίοι
824 3951 1064 4034 renuntiantur,
1084 3950 1262 4035 philosophi
1274 3953 1336 4035 ipsi

323 4080 480 4141 veneunt·
496 4076 640 4140 Socrates
665 4097 683 4140 a
707 4075 810 4140 Dione
834 4075 1036 4158 Syracusano
1060 4077 1186 4140 emitur.

257 4205 301 4266 50.
325 4204 594 4286 Icaromenippus,
618 4208 788 4286 postquam
812 4204 847 4265 in
871 4205 994 4268 coelum
1017 4201 1189 4286 adscendit,
1207 4203 1332 4268 itineris

325 4329 451 4394 consilii
474 4333 603 4412 repente
627 4328 746 4392 oblitus
769 4334 824 4393 est.
