3310 5242
753 592 793 659 17

245 807 415 874 Hactenus
444 829 473 872 r.
496 809 525 872 d.
548 807 788 872 Rothsteiniusl
813 807 855 872 Et
875 808 950 873 licet
973 810 1069 873 ceteri
1091 810 1201 874 eadem
1228 832 1324 896 argu-

200 940 312 999 menta
334 955 400 999 non
423 935 589 1020 proferant,
612 940 717 1002 tamen
742 935 782 999 ad
804 955 906 999 unum
928 955 1038 1000 omnes
1057 937 1159 1000 eidem
1180 940 1323 1022 opinioni

200 1061 322 1126 addicti
346 1066 430 1127 sunt.

245 1187 401 1252 Attamen
431 1187 516 1252 unde
540 1188 694 1271 sequitur,
719 1189 747 1251 si
769 1186 931 1251 Lucianus
956 1188 1227 1271 quadragenarius
1241 1191 1323 1255 ,rhe-

199 1313 336 1376 toricam
372 1312 519 1395 deseruit,
554 1317 601 1381 et„
619 1312 754 1378 Mortem
787 1312 952 1397 Peregrini
983 1333 1066 1377 anno
1101 1314 1163 1376 165
1188 1317 1325 1400 scripsit,

200 1457 279 1502 eum
303 1458 387 1502 anno
413 1440 475 1502 125
500 1443 612 1504 natum
637 1440 730 1504 esse?

246 1563 364 1628 Nonne
388 1565 567 1649 complures
589 1567 666 1629 anni
684 1566 878 1629 intercedere
898 1570 1072 1648 potuerunt
1090 1569 1174 1631 inter
1185 1572 1323 1652 tempus

201 1710 269 1774 quo
305 1691 492 1756 rhetoricam
526 1692 715 1776 repudiavit,
750 1697 781 1755 et
811 1710 875 1774 quo
905 1697 1039 1755 mortem
1063 1691 1228 1777 Peregrini
1252 1713 1323 1778 per-

201 1816 359 1880 strinxit?
382 1815 445 1892 Qui
468 1816 595 1881 tandem
617 1818 737 1880 factum
762 1820 819 1900 est,
847 1820 883 1880 ut
906 1835 1000 1881 nemo
1024 1817 1084 1881 hoo
1104 1820 1324 1903 perspexerit?

247 1942 361 2007 Statim
395 1962 524 2007 causam
560 1943 742 2027 explicabo:
779 1943 916 2007 comicos
952 1947 983 2008 et
1015 1945 1144 2025 cynicos
1178 1943 1323 2029 dialogos

201 2067 381 2152 (Fugitivis,
406 2045 569 2152 convivio,
592 2069 864 2153 Philopseudesi1)
888 2071 1051 2155 exceptis),
1072 2090 1152 2153 quos
1166 2090 1207 2135 ex
1220 2073 1321 2134 omni-

201 2193 267 2258 bus
301 2192 437 2258 Luciani
469 2194 617 2278 operibus
646 2194 762 2258 Koclrii
792 2196 912 2258 auxilio
945 2197 1075 2275 secrevi,
1107 2215 1143 2260 eo
1166 2199 1319 2281 temporis

203 2320 308 2404 spatio
333 2323 467 2404 scriptos
491 2340 560 2386 esse
576 2321 653 2384 mihi
673 2326 803 2403 constat,
825 2321 909 2404 quod
929 2321 1096 2386 intercedit
1116 2323 1199 2388 inter
1220 2323 1321 2387 decla-

203 2446 361 2510 mationes
390 2446 564 2511 rhetoricas
595 2447 720 2510 relictas
745 2447 774 2525 (i.
800 2465 824 2510 e.
848 2448 931 2510 circa
956 2447 1237 2530 quadragesimum
1260 2447 1325 2512 Lu-

203 2573 290 2636 ciani
302 2575 433 2655 annum)
447 2578 478 2637 et
489 2577 625 2656 tempusr,
637 2591 700 2655 quo
714 2571 847 2636 Mortem
860 2571 1025 2655 Peregrini
1036 2574 1214 2656 composuit
1226 2574 1325 2654 (165).

204 2697 269 2762 Sed
303 2701 364 2762 viri
396 2698 480 2764 docti
511 2698 636 2763 nullum
660 2689 832 2763 discrimen
855 2700 938 2762 inter
962 2699 1082 2774 satiras,
1107 2718 1188 2784 quae
1212 2708 1322 2766 contra

204 2825 355 2909 aequales
385 2828 521 2910 scriptae
545 2830 621 2890 sunt
645 2830 675 2890 et
698 2824 838 2908 dialogos
862 2825 999 2888 comicos
1023 2832 1185 2890 servantes
1209 2846 1324 2890 secun-

204 2951 280 3015 dam
303 2956 436 3018 aetatem
459 2973 477 3016 a
501 2971 551 3016 me
575 2972 671 3035 supra
694 2951 864 3014 indicatam
889 2950 1087 3034 ignorabant,
1113 2972 1177 3036 quo
1199 2952 1321 3017 factum

205 3082 264 3162 est,
298 3083 334 3143 ut
363 3078 450 3144 Mors
473 3079 638 3163 Peregrini
661 3078 766 3142 statim
791 3082 864 3160 post
888 3078 1131 3143 declamationes
1155 3080 1281 3144 relictas
1305 3100 1324 3143 a

205 3203 349 3268 Lucieno
383 3205 449 3270 fere
485 3205 736 3289 quadragenario
768 3206 942 3288 composita
973 3223 1042 3268 esse
1073 3210 1246 3288 putaretur.
1270 3204 1322 3269 Me

205 3336 313 3397 tamen
343 3333 452 3416 judice
485 3331 650 3396 Lucienus
685 3349 741 3415 per
776 3331 955 3414 complures
987 3350 1087 3395 annos
1120 3330 1265 3395 Comicus
1293 3336 1324 3396 et

206 3457 392 3544 Menippum
422 3461 567 3523 imitatus
590 3458 657 3522 fere
680 3459 975 3541 quinquagenarius
998 3456 1133 3522 Mortem
1156 3457 1321 3541 Peregrini

208 3603 291 3648 anno
325 3585 387 3647 165
412 3586 549 3668 scripsit,
572 3583 658 3648 unde
682 3602 756 3648 eum
780 3582 863 3646 circa
886 3602 1007 3646 annum
1033 3583 1095 3645 115
1119 3588 1229 3647 natum
1255 3601 1324 3648 esse

208 3710 362 3794 sequitur.
396 3709 539 3774 Externo
572 3710 672 3794 igitur
695 3707 812 3772 Suidae
836 3709 1025 3774 documento
1049 3728 1119 3773 mea
1142 3711 1324 3792 conJ'ectura

208 3835 247 3900 de
270 3839 421 3919 quattuor
444 3834 578 3900 Luciani
602 3834 759 3899 aetatibus
783 3835 948 3899 manifeste
970 3834 1133 3919 probatur.

252 3961 360 4046 Pergit
383 3961 499 4028 Suidas
523 3961 640 4026 referre
662 3959 839 4024 [lucianum
858 3960 1048 4026 Antiochiae
1066 3966 1235 4047 patronum
1249 3981 1328 4026 cau·

210 4107 318 4152 sarum
353 4088 462 4172 fuisse,
495 4088 552 4153 sed
581 4107 656 4152 oum
688 4107 739 4152 res
762 4087 790 4151 ei
813 4107 878 4151 non
902 4087 982 4153 bene
1003 4089 1135 4172 cederet,
1159 4108 1193 4153 se
1216 4092 1320 4153 totum

212 4267 352 4282 ῥί-ὺ-ί·

243 4369 270 4442 l)
297 4377 365 4428 ltcl.
391 4377 517 4430 Hartman
542 4377 570 4430 in
595 4367 1327 4438 5111111188.ΓωὶθψιλοῷευδῆςίηΦιλοψευδεῖςωιιῑᾶνίῑ.

1212 4467 1231 4517 ἢ
