3328 5234
826 588 889 648 114

335 796 423 874 Qraae
446 799 629 881 conjectura
646 798 725 862 mihi
744 797 837 861 valde
850 797 982 872 arridet;
996 797 1120 862 indoles
1133 798 1218 861 enim
1232 797 1326 862 Asini
1338 817 1416 861 cum

291 923 435 1006 quinque
469 923 627 1007 prioribus
658 922 825 988 Toxaridis
849 921 1086 987 narrationibus
1111 924 1276 1006 congruit;
1302 922 1419 987 deinde

290 1051 392 1134 capite
421 1052 514 1114 tertio
545 1068 635 1114 meae
666 1049 897 1113 dissertationis
927 1046 1105 1112 Lucienum
1130 1048 1315 1132 frequenter
1338 1048 1418 1112 alios

291 1176 460 1260 scriptores
485 1213 526 1223 —
540 1174 684 1240 Comicos
697 1180 728 1239 et
740 1173 927 1258 Menippum
939 1175 1013 1238 volo
1027 1177 1243 1239 —imitatum
1254 1175 1418 1239 interdum

290 1302 496 1386 neglegenter
530 1321 611 1387 opus
646 1303 865 1386 composuisse
900 1303 1041 1368 vidimus
1054 1303 1087 1386 1),
1122 1323 1263 1386 quocum
1301 1304 1419 1388 optime

290 1426 345 1490 illa
380 1447 489 1492 socors
524 1428 717 1512 excerpendi
750 1429 831 1492 ratio
866 1430 898 1491 in
935 1428 1038 1492 Asino
1069 1430 1228 1493 convenit.
1252 1427 1419 1493 Postremo

290 1570 425 1644 parvum
470 1553 612 1636 quidem,
654 1553 711 1618 sed
752 1557 858 1617 tamen
901 1553 1045 1636 lepidum
1090 1553 1319 1618 documentum
1362 1572 1420 1637 pro

291 1675 450 1743 Lucianea
486 1681 608 1764 origine
638 1681 673 1742 in
704 1697 741 1744 eo
766 1679 864 1742 situm
887 1682 944 1759 est,
969 1678 1054 1762 quod
1079 1680 1222 1763 scriptor,
1247 1699 1320 1743 cum
1344 1677 1423 1742 alibi

290 1801 432 1866 fabulam
465 1803 696 1868 circumcidere
720 1804 843 1886 soleret,
868 1802 1066 1886 colloquium
1091 1803 1252 1887 quoddam
1276 1803 1421 1867 meretri-

291 1929 340 1990 cio
364 1947 514 1994 sermone
535 1929 681 1994 habitum
705 1929 806 2010 (Asin.
831 1929 938 1992 8-11
965 1928 1018 1993 cfr.
1043 1929 1139 2014 Apul.
1161 1927 1195 1992 Π
1219 1928 1343 2011 16,17)
1364 1933 1423 1993 aut

290 2057 394 2118 totum
419 2073 436 2119 e
459 2052 559 2118 Lucio
584 2054 730 2120 Patrensi
756 2057 906 2138 servavit,
930 2061 995 2138 aut,
1019 2055 1105 2139 quod
1130 2054 1339 2119 verisimilius
1363 2059 1424 2137 est,

292 2181 412 2244 comice
427 2176 451 2263 2)
477 2182 512 2243 in
535 2181 640 2244 maius
664 2182 764 2244 auxit.
790 2179 860 2256 Qua
881 2182 916 2243 in
941 2182 1064 2245 ratione
1083 2199 1191 2244 nonne
1211 2177 1420 2263 Dialogorum

290 2303 545 2369 Meretriciornm
569 2306 755 2389 scriptorem
778 2305 948 2390 agnoscis?
971 2305 1087 2390 Neque
1111 2304 1286 2369 absurdum
1310 2309 1367 2387 est,
1392 2305 1421 2369 si
1495 2320 1498 2324 ·

294 2432 401 2515 ipsum
425 2430 604 2496 Lucienum
627 2451 746 2496 nomen
768 2431 914 2495 Photidis
939 2431 1024 2514 apud
1048 2431 1224 2515 Apuleium
1243 2430 1420 2495 etfortasse

292 2557 378 2641 apud
413 2556 549 2624 Lucium
583 2557 770 2624 Patronsem
805 2556 943 2621 famulae
977 2557 1088 2621 datum
1122 2557 1157 2620 in
1187 2555 1383 2622 Palaestram
1395 2554 1421 2633 3)

294 2685 470 2749 mutavisse
482 2684 508 2768 4)
534 2688 722 2748 statuamus.

336 2809 427 2875 Meae
457 2813 563 2874 temen
595 2810 691 2874 Asini
721 2807 899 2872 defensioni
935 2810 1122 2890 argumenta
1145 2826 1163 2872 e
1186 2807 1298 2891 lingua
1321 2808 1421 2891 petita

294 2935 430 3018 obstent,
455 2933 573 3019 quibus
598 2933 737 2999 Oobetus
760 2937 791 2999 et
813 2931 1009 2997 Fritzschius
1032 2933 1125 3016 periti
1141 2933 1266 3015 J'udices
1278 2932 1421 2997 fabulam

294 3063 439 3127 omnium
462 3079 622 3125 consensu
646 3060 950 3124 condemnaverunt.

338 3185 378 3249 In
413 3186 520 3250 Variis
555 3184 760 3250 Lectionibus
795 3186 837 3268 (p.
868 3184 944 3266 266)
967 3184 1130 3268 popularis
1150 3189 1259 3249 noster
1282 3185 1423 3248 Asinum

295 3333 314 3377 a
348 3309 491 3376 Lucieno
523 3311 726 3395 abjudicavit,
757 3313 833 3395 quia
857 3312 993 3394 scriptor
1019 3310 1217 3392 „Graecitate
1240 3311 1343 3374 utitur
1365 3310 1423 3374 ali-

297 3442 417 3521 quanto
462 3437 625 3520 deteriore,
659 3438 762 3501 multa
796 3436 995 3522 negligenter
1030 3441 1060 3500 et
1094 3435 1226 3520 plebeiis
1259 3434 1423 3500 erroribus

296 3561 501 3647 scriptitans’'
532 3568 563 3628 et
586 3563 693 3626 statim
716 3562 833 3626 adtulit
856 3560 1113 3626 συνκνακλίνεσθοιι
1137 3580 1194 3645 pro
1217 3557 1423 3637 συγκατακλί-

296 3687 392 3752 uerear
415 3693 447 3753 et
469 3687 604 3753 formam
627 3685 819 3762 ἕκαθεύδησα.

301 3867 447 3878 -n—

330 3982 358 4048 l)
377 3997 401 4048 p.
418 3980 451 4032 93
468 3997 540 4034 meae
559 3984 618 4034 diss.

329 4073 358 4139 2)
375 4074 426 4127 Cir.
444 4075 569 4140 Epicratis
587 4076 618 4126 lr.
635 4073 669 4124 10
687 4073 769 4139 (Kock
788 4074 821 4139 ll,
838 4072 909 4140 286),
928 4074 974 4126 ubi
991 4074 1099 4125 ridicula
1117 4072 1287 4140 ambiguitate
1302 4071 1426 4124 vocabula

295 4166 400 4217 nautica
417 4167 448 4217 ad
465 4181 507 4218 res
523 4167 659 4218 obscoenas
677 4163 860 4232 significandas
877 4165 996 4217 adhibuit
1014 4170 1097 4231 poeta.

326 4255 354 4322 3)
373 4258 482 4310 Alcaeus
497 4259 611 4310 comicus
627 4258 729 4323 scripsit
748 4255 948 4325 „Palaestram''.
968 4258 1051 4320 (Kocls
1070 4255 1172 4321 1761).

329 4349 356 4417 4)
375 4349 629 4404 csr.12ancratesex
646 4350 746 4416 Alciph.
762 4347 822 4402 355
839 4366 855 4401 a
871 4350 985 4402 Lucieno
1004 4351 1033 4401 in
1051 4350 1230 4402 Alcidamanta
1247 4352 1377 4400 mumius.
