3310 5242
771 605 812 668 57

280 815 414 882 Ratione
437 777 511 902 ergo
536 820 725 902 computata,
747 814 903 880 habemus
926 815 985 880 hos
1007 819 1136 901 septem,
1160 815 1352 899 quipraece·

233 942 326 1025 dunt,
349 942 505 1027 dialogos:
529 941 681 1026 Dialogos
704 940 914 1024 Mortuerum,
934 939 1129 1025 Menippum,
1140 940 1352 1024 Icaromenip-

232 1088 323 1152 pum,
359 1067 544 1153 Oharonem,
567 1068 683 1134 Jovem
704 1066 914 1153 Trogoedum,
936 1066 1182 1142 Hermotimum,
1203 1066 1353 1131 Vitarum

234 1193 437 1260 Auctionem.

281 1319 455 1386 Videamus
488 1342 586 1405 nunc,
621 1326 779 1406 quantum
810 1322 973 1406 scriptoris
998 1320 1037 1385 de
1059 1319 1259 1405 philosophia
1282 1339 1353 1385 sen-

236 1449 355 1512 tcntiae
375 1449 410 1511 in
432 1449 483 1515 his
507 1448 641 1534 dialogis
664 1449 852 1533 propositae,
877 1448 995 1512 distent
1016 1445 1055 1511 ab
1078 1447 1127 1530 iis,
1152 1467 1231 1530 quas
1256 1467 1353 1532 supra

236 1574 271 1636 in
304 1571 361 1637 Bis
396 1574 555 1638 Accusato
579 1575 667 1639 etin
693 1572 855 1639 Piscatore
878 1574 1095 1658 cognevimus.
1121 1571 1295 1637 charonem
1319 1574 1353 1636 in

238 1697 353 1763 studiis
394 1700 576 1764 mortalium
614 1699 855 1764 contemnendis
889 1704 1076 1782 versantem,
1110 1704 1206 1783 atque
1240 1699 1355 1764 Jovem

238 1824 445 1910 Tragoedum,
486 1825 543 1890 ubi
577 1827 712 1910 scriptor
744 1825 871 1890 fabulas
908 1825 1040 1890 deorum
1076 1824 1216 1890 ludibrio
1253 1827 1356 1909 vertit,

239 1951 365 2015 silentio
400 1959 642 2035 praetereamus,
679 1952 754 2034 quia
789 1950 829 2014 ad
865 1955 1010 2016 nostrum
1044 1951 1244 2035 propositum
1274 1951 1355 2016 nihil

242 2077 383 2141 attinent

285 2200 436 2286 Quinque
471 2221 545 2286 ergo
578 2205 699 2266 restant
732 2200 816 2284 libri,
851 2220 892 2267 ex
928 2220 1065 2286 quorum
1095 2221 1231 2268 numero
1261 2204 1355 2287 primi

242 2327 369 2414 Dialogi
392 2327 592 2393 lllortnorum
615 2331 692 2393 sunt
713 2328 860 2394 adeundi.
884 2327 1046 2393 Socratem
1059 2329 1143 2408 (dial.
1157 2330 1355 2411 21),Aristo-

242 2455 336 2521 telem
361 2455 444 2536 (dial.
459 2456 521 2538 13),
539 2454 761 2539 Pythagoram,
772 2453 1006 2538 Empedoclem,
1017 2455 1184 2520 Platonem
1196 2455 1280 2535 (dial.
1294 2455 1356 2538 20),

243 2583 390 2648 eadricus
421 2583 604 2664 cavillatur,
636 2581 748 2664 Cynici
771 2600 846 2646 vero
870 2581 930 2646 soli
953 2581 1037 2664 (dial.
1063 2583 1101 2645 11
1128 2587 1159 2646 et
1182 2582 1236 2666 27)
1262 2581 1357 2646 laude

243 2709 331 2794 digni
353 2713 513 2794 putantur.

286 2833 325 2898 In
358 2833 506 2899 Vitarum
540 2835 699 2900 Auctione
734 2853 845 2898 omnes
875 2833 1093 2918 philosophiae
1117 2835 1293 2919 magistros,
1317 2854 1358 2900 ne

241 2957 384 3045 Diogene
419 2941 547 3045 quidem
578 2965 721 3045 excepto,
751 2961 844 3045 quasi
867 2959 1040 3024 vihssimos
1064 2978 1172 3025 servos
1194 2957 1357 3025 Lucienus

241 3087 350 3152 venire
371 3086 480 3171 fingit;
503 3087 688 3171 Aristippus
708 3092 816 3151 autem
833 3087 879 3150 ita
899 3085 1048 3151 omnibus
1061 3086 1360 3171 caruitvirtutihuS,

242 3217 279 3278 ut
312 3213 477 3277 dominum
511 3213 644 3298 adipisci
678 3232 744 3276 non
775 3216 890 3297 posset.
913 3211 1089 3277 Versamur
1112 3213 1181 3277 sine
1204 3212 1301 3277 dubio
1324 3215 1359 3277 in

242 3337 429 3404 scurrilibus
460 3339 550 3422 jocis,
586 3357 667 3423 quos
702 3337 822 3403 Comici
854 3338 929 3402 olim
961 3343 1071 3403 contra
1094 3339 1300 3423 philosophos
1323 3341 1358 3403 in

243 3482 371 3528 scenam
405 3463 544 3548 proferre
577 3462 767 3549 gaudebant,
802 3467 911 3529 contra
941 3463 1143 3530 Mortuerum
1167 3464 1303 3550 Dialogi,
1324 3468 1358 3530 in

245 3588 362 3673 quihus
385 3591 520 3674 scriptor
539 3589 615 3654 solis
639 3586 769 3670 Cynicis
789 3589 937 3672 pepercit,
956 3588 997 3653 ad
1008 3588 1192 3675 Menippeas
1204 3590 1359 3656 referendi

243 3720 320 3780 sunt
343 3717 463 3780 satiras.

286 3839 400 3924 Neque
433 3842 503 3924 ipsa
535 3839 736 3924 philosophia
758 3861 776 3904 a
799 3839 871 3905 telis
896 3860 913 3906 e
937 3839 1141 3907 Comicorum
1163 3849 1194 3908 et
1218 3843 1360 3930 Menippi

245 3969 487 4031 armamentario
522 3968 658 4052 sumptis
692 3972 761 4033 tuta
796 3969 923 4049 mansit,
959 3986 1033 4031 cum
1056 3971 1090 4032 in
1114 3968 1362 4055 Icaromenippo,

244 4091 404 4177 Menippo,
438 4091 635 4156 Hermotimo
670 4113 830 4157 summam
866 4093 1030 4158 veritatem
1065 4093 1254 4158 mortalibus
1276 4095 1362 4161 haud

245 4218 445 4302 perspicuam
480 4237 548 4284 esse
583 4216 812 4283 demonstraret
848 4223 879 4282 et
913 4218 1072 4303 omnibus,
1102 4238 1143 4283 ne
1165 4224 1231 4284 tam
1254 4221 1361 4284 inutili

248 4345 422 4429 sapientiae
443 4345 566 4411 labores
588 4346 817 4429 impenderent,
840 4345 1052 4428 persuaderet.
