3310 5242
788 624 831 684 45

291 830 388 895 Haud
415 833 523 896 minus
545 832 687 916 lepidum
713 851 853 896 errorem
880 832 1000 896 detexit
1022 832 1197 916 Nauckius,
1221 853 1296 898 cum
1322 837 1362 900 ad

244 957 463 1042 fragmentum
493 959 576 1022 1297
611 958 664 1040 (:
687 957 833 1022 Eustath.
863 959 1002 1040 eduen)
1027 957 1179 1039 βαδίζουσι
1207 961 1238 1024 ai
1261 961 1365 1034 enatat

159 1167 160 1170 Ἴ
246 1082 330 1147 κατὰ
362 1081 442 1163 ζυγά
472 1084 553 1148 hanc
576 1086 814 1148 annotationem
839 1083 952 1148 Koclrii
977 1086 1152 1150 invenisset
1177 1081 1278 1169 ,quae
1300 1086 1363 1150 for-

245 1215 333 1275 tasse
363 1229 404 1275 ex
434 1211 555 1275 comica
577 1211 657 1275 lauti
681 1211 822 1274 convivii
848 1211 1060 1295 descriptione
1084 1216 1233 1296 excerpta
1257 1211 1363 1276 sunt.”

245 1335 307 1400 Est
329 1341 437 1401 tamon
459 1337 580 1421 aliquid
603 1340 687 1401 inter
705 1338 849 1420 jocosam
875 1339 1086 1423 comoediam,
1108 1338 1163 1402 ubi
1175 1339 1360 1402 convivium

247 1462 424 1527 celebratur
447 1467 477 1526 et
498 1462 679 1527 Aristotelis
703 1482 783 1546 opus
806 1463 992 1547 perdoctum
1019 1463 1213 1545 „Historiam
1227 1465 1362 1527 Anima-

246 1588 360 1671 lium’',
384 1589 440 1652 ubi
464 1591 623 1672 sepiarum
648 1591 715 1652 vita
739 1589 929 1654 describitur
953 1590 994 1671 (5.
1009 1592 1071 1670 22).

292 1714 365 1778 Jam
390 1717 475 1798 satis,
497 1716 599 1798 oredo,
621 1716 850 1797 intelleximus,
875 1721 994 1799 quanta
1020 1718 1306 1800 circumspectione
1330 1720 1361 1781 et

248 1842 371 1904 cautela
403 1843 437 1903 in
472 1841 616 1906 versibus
652 1843 851 1905 comicorum
885 1842 1090 1906 restituendis
1126 1862 1206 1926 opus
1237 1843 1293 1922 sit3
1320 1862 1361 1906 ne
1443 1859 1445 1865 ’

249 1965 321 2048 quis
344 1970 453 2029 tamen
474 1971 572 2049 putet,
596 1985 647 2030 me
670 1965 801 2029 cuilibet
824 1967 931 2030 versui
955 1984 973 2029 e
994 1966 1150 2030 rhetorico
1170 1966 1251 2030 libro
1263 1969 1360 2050 petito

246 2093 403 2156 comioam
437 2095 592 2176 originem
627 2092 788 2176 abrogare,
822 2094 882 2156 tria
913 2113 1041 2177 ponam,
1074 2095 1212 2177 quaein
1238 2096 1361 2158 comico

245 2218 424 2302 fragmento
448 2221 587 2284 inveniri
611 2219 754 2285 debeant.

288 2343 399 2408 Primo
433 2345 608 2409 videndum
643 2350 699 2426 est,
734 2347 767 2407 in
799 2365 862 2428 quo
894 2349 1049 2430 scriptore
1073 2347 1171 2412 verba
1194 2348 1360 2431 legantur3

245 2469 308 2534 nisi
330 2473 414 2534 enim
440 2476 562 2535 constat
584 2490 659 2535 eum
684 2474 823 2536 comicos
847 2479 955 2556 poetas
976 2478 1123 2538 secutum
1145 2493 1223 2556 esse,
1242 2474 1360 2538 frustra

246 2613 357 2659 versus
380 2596 431 2659 vel
452 2595 631 2680 fragmenta
654 2615 807 2661 versuum
833 2618 973 2682 quaeres.
991 2599 1162 2682 Lucienus
1175 2600 1360 2683 Aloiphron,

244 2720 463 2785 Aristaenetus
490 2724 596 2805 potius
619 2725 652 2786 in
677 2741 809 2788 censum
836 2727 978 2803 veniunt,
1002 2745 1100 2809 quam
1125 2726 1283 2790 Aristides
1308 2725 1360 2790 vel

243 2844 305 2910 Dio
328 2847 499 2912 Prusaeus.

288 2972 433 3037 Secundo
456 2975 579 3040 indoles
602 2995 639 3038 ac
661 2981 774 3040 natura
796 2976 877 3060 libri,
900 2979 934 3040 in
959 2998 1023 3063 quo
1043 2982 1200 3043 comicam
1223 2999 1356 3044 manum

242 3099 453 3180 suspicamur,
483 3100 710 3164 consideranda
734 3106 789 3165 est.
812 3101 926 3166 Timon
950 3102 1131 3170 Lucianeus
1155 3105 1207 3169 vel
1229 3103 1357 3187 Dialogi

241 3220 411 3286 Meretrieii
433 3225 646 3308 limpidiorem
670 3225 822 3310 praebent
843 3227 976 3312 fontem,
1001 3249 1098 3312 quam
1123 3229 1204 3295 liber
1224 3229 1373 3294 deMer-.

241 3348 316 3413 cede
340 3349 512 3414 Conductis
535 3351 585 3414 vel
608 3351 791 3416 Alexander
814 3353 1069 3419 Pseudomantis.

283 3474 406 3539 Ultimo
430 3482 537 3541 autem
561 3478 640 3560 loco,
664 3483 774 3542 utrum
801 3483 975 3545 sententiae
999 3482 1086 3545 color
1109 3485 1252 3547 comicus
1266 3485 1358 3567 adsit,

239 3621 280 3664 an
304 3623 360 3686 pro
384 3624 472 3669 mera
495 3604 631 3688 pedestri
654 3607 796 3671 oratione
820 3609 860 3671 sit
880 3608 1032 3689 habenda,
1056 3612 1354 3697 magnaprudentia

240 3747 431 3810 quaeramus
462 3749 592 3794 necesse
623 3737 679 3795 est.
712 3730 814 3808 Quam
838 3735 1015 3818 periculoso
1039 3742 1145 3800 autem
1170 3740 1203 3802 in
1228 3741 1354 3823 negotio

237 3862 390 3937 versetur,
420 3858 476 3939 qui
506 3875 547 3920 ex
577 3855 711 3921 Luciani
739 3859 888 3943 operibus
912 3863 1074 3926 trimetros
1098 3867 1238 3928 comicos
1262 3867 1354 3929 resti-

238 3983 327 4043 tuere
361 3986 501 4064 conetur,
535 3983 584 4046 vel
619 3983 754 4048 Photius
788 4005 847 4049 nos
882 3987 993 4051 docere
1025 3993 1134 4071 potest.
1167 3991 1231 4073 (cfr.
1264 3992 1296 4054 O.
1327 3992 1352 4055 I.

237 4104 290 4184 §4
312 4124 402 4170 meae
425 4107 664 4192 dissertationis,
687 4110 726 4173 de
745 4130 880 4175 numero
905 4115 1040 4176 oratorio
1061 4115 1145 4198 apud
1166 4116 1347 4181 Lucienum

235 4233 424 4315 perspicuo.)

275 4356 414 4446 'Iamque
447 4379 587 4426 excursu
621 4362 659 4427 de
691 4362 896 4430 Comicornm
927 4365 1115 4452 fragmentis
1138 4371 1345 4442 restituendis
