3310 5242
852 599 871 662 6

304 816 502 901 philosophia
515 815 549 899 ¹),
573 813 611 878 de
633 813 798 895 rhetorica,
823 810 861 875 (16
880 810 995 874 studiis
1017 809 1199 893 aequalium
1213 810 1236 890 2)
1255 808 1422 893 protulerit

303 943 433 1026 judicia.

352 1065 436 1142 Quid
467 1067 506 1130 de
536 1066 666 1147 ratione,
699 1084 762 1147 qua
794 1064 854 1126 viri
884 1062 968 1126 docti
1001 1064 1203 1145 quaestiones
1226 1062 1265 1126 de
1288 1061 1422 1146 singulis

306 1193 432 1274 libellis,
460 1196 515 1255 aut
538 1192 577 1255 de
600 1190 734 1255 Luciani
757 1191 886 1272 ingenio
910 1189 1108 1271 dirimebant,
1132 1187 1327 1253 censendum
1351 1187 1422 1252 est?

351 1319 452 1382 Multa
486 1336 563 1382 sane
598 1316 689 1380 utilia
719 1315 929 1398 protulerunt,
962 1314 1017 1378 sed
1050 1315 1106 1396 qui
1140 1313 1267 1397 singula
1299 1316 1424 1377 tantum

309 1464 404 1531 opera
446 1444 629 1532 minutatim
671 1440 884 1522 excutiebant,
920 1441 953 1502 in
989 1458 1026 1503 co
1061 1440 1139 1502 mihi
1173 1440 1323 1503 videntur
1356 1457 1425 1503 esse

308 1569 569 1654 reprehendendi,
591 1567 678 1652 quod
701 1567 867 1650 explorare
891 1566 1111 1650 neglexerunt,
1135 1586 1199 1649 quo
1223 1585 1312 1630 nexu
1336 1585 1425 1649 epus,

310 1697 349 1761 de
373 1716 436 1781 quo
461 1694 662 1779 quaerebant,
687 1698 769 1757 esset
790 1693 996 1776 conjunctum
1019 1710 1091 1756 cum
1112 1692 1254 1775 dialogis,
1274 1693 1330 1775 qui
1341 1691 1426 1754 idem

309 1823 375 1888 fere
399 1822 554 1907 praebent
578 1827 802 1904 argumentum
817 1817 849 1900 8).

353 1950 398 2013 At
420 1950 535 2012 vitium
559 1947 660 2011 multo
686 1947 786 2029 magis
809 1945 988 2008 notandum
1011 1946 1045 2007 in
1070 1963 1107 2008 eo
1127 1946 1328 2028 conspicitur,
1341 1946 1426 2030 quod

309 2072 497 2154 Lucianum,
533 2091 614 2154 quae
648 2075 757 2154 postea
793 2070 853 2134 sibi
884 2070 1094 2153 vituperanda
1120 2075 1256 2154 putaret,
1276 2073 1428 2154 juvenem

310 2201 467 2282 laudasse,
499 2199 612 2263 deinde
642 2216 698 2281 per
729 2197 888 2281 quoddam
915 2199 999 2261 vitae
1023 2203 1157 2281 tempus,
1181 2218 1255 2263 cum
1279 2201 1428 2284 aequales

312 2327 466 2409 castigare
489 2324 632 2387 nondum
653 2323 803 2404 studeret,
827 2323 1020 2386 comicorum
1042 2329 1229 2406 argumenta
1249 2326 1349 2390 solius
1367 2325 1429 2389 for-

312 2470 382 2515 mae
413 2426 456 2514 ac·
481 2451 597 2534 leporis
620 2469 716 2513 causa
738 2450 896 2512 imitatum
921 2468 1000 2531 esse,
1025 2449 1135 2513 multis
1157 2450 1324 2535 philologis
1347 2472 1430 2516 nun-

313 2598 409 2662 quam
442 2578 477 2640 in
511 2581 650 2640 mentem
685 2576 781 2639 venit.
817 2573 931 2658 Itaque
964 2575 1111 2659 plurimis
1145 2575 1234 2639 libris
1271 2578 1429 2643 satiricum

311 2704 452 2768 indolem
484 2700 706 2782 obtrudebant,
742 2718 832 2784 quae,
868 2702 1014 2764 etiamvis
1048 2719 1113 2763 non
1143 2702 1309 2785 perspicua
1339 2708 1431 2786 esset,

311 2830 409 2893 latere
433 2833 538 2892 tamen
561 2827 602 2890 iis
625 2824 809 2905 videbatur;
835 2827 880 2888 sie
901 2825 1049 2889 infaustis
1070 2825 1231 2890 ominibus
1253 2830 1363 2890 natum
1383 2832 1432 2892 est

205 2971 211 2985 '
311 2955 393 3018 illud
413 2941 591 3017 monstrum
613 2951 707 3035 quod,
729 2952 804 3034 quia
825 2951 910 3034 apud
930 2926 1104 3015 Germarlos
1117 2953 1302 3056 praesertim
1313 2953 1431 3017 multos

313 3082 434 3166 peperit
469 3097 600 3161 errores,
634 3075 767 3140 vocibus
799 3075 966 3140 Germanis
1001 3078 1071 3158 „die
1102 3078 1279 3142 versteckte
1309 3078 1431 3145 Satire’'

314 3205 486 3289 appellabo
511 3203 622 3266 Statim
642 3208 678 3267 ut
697 3203 783 3266 illam
804 3204 1033 3286 interpretandi
1052 3206 1208 3269 rationem
1223 3207 1431 3289 cognoscatis,

313 3337 408 3396 166166
438 3331 619 3415 producam.
655 3327 734 3392 Cum
767 3328 929 3394 Lucianus
959 3331 1066 3394 rhetor
1093 3330 1173 3395 libro
1198 3332 1236 3395 de
1259 3332 1432 3398 Saltatione

316 3466 415 3522 artem
446 3458 606 3520 mimicam
638 3456 809 3537 laudasset,
840 3455 1069 3540 Hertnbergius
1082 3456 1106 3538 ⁴)
1139 3459 1266 3541 scripsit
1291 3457 1429 3538 ,Lucian

315 3586 420 3650 wollte
443 3587 477 3647 in
501 3584 604 3647 dieser
628 3582 745 3646 Schrift
768 3583 861 3647 einen
881 3582 1040 3648 blendend
1053 3584 1196 3649 soharfen
1210 3584 1334 3669 Spiegel
1346 3587 1432 3650 einer

314 3711 428 3774 heillos
461 3709 649 3774 verhehrten
685 3707 904 3792 Zeitrichtung
936 3709 1132 3773 verbaltcn.''
1167 3707 1246 3773 Cum
1270 3708 1432 3776 Lucienus

348 3993 375 4059 1)
395 3994 437 4045 W.
455 3994 574 4044 Ghlebus.
592 3992 628 4042 De
645 3991 757 4043 Lucieno
773 3991 929 4056 philosophe.

391 4085 447 4135 Van
466 4085 562 4151 Eyken.
598 4121 611 4151 „
689 4120 702 4150 „
838 4120 852 4150 „

352 4176 378 4240 2)
398 4177 426 4228 P.
444 4177 471 4227 C.
490 4176 645 4241 Margadant.
665 4174 702 4224 De
718 4175 830 4225 Lucieno
847 4172 996 4240 aequalium
1013 4189 1124 4227 censore.

350 4268 377 4334 3)
397 4269 456 4336 Eg.
474 4269 629 4321 Fritzschius
647 4269 674 4318 in
694 4269 843 4332 quaestione
859 4268 890 4319 de
907 4268 1107 4332 lcaromenippo.

350 4361 377 4426 l)
395 4361 446 4413 Cir.
464 4377 488 4427 p.
505 4359 537 4411 27
555 4375 627 4412 meae
644 4360 704 4411 diss.
