3328 5234
775 855 804 916 8.
831 851 1001 918 Conclusio.

378 1053 512 1116 Habetis
544 1052 790 1134 disputationem
821 1051 902 1116 bene
933 1051 1059 1135 longam
1091 1052 1229 1114 hominis
1262 1052 1381 1114 utinam
1406 1067 1449 1112 ne
1496 1084 1499 1089 ·

334 1180 502 1260 temerarii,
524 1177 603 1240 illud
622 1178 755 1260 ‚quidem
780 1183 872 1259 certe,
896 1197 960 1240 non
983 1178 1080 1253 nimis
1103 1178 1137 1239 in
1158 1178 1293 1240 aliorum
1314 1174 1455 1258 explica·

334 1304 476 1368 tionibus
500 1303 725 1387 impugnandis
749 1303 930 1384 verecundi,
950 1302 1004 1366 sed
1026 1303 1104 1365 mihi
1116 1303 1288 1385 ignoscetis
1302 1300 1456 1384 profecto,

336 1432 362 1495 si
393 1431 496 1511 modo,
527 1436 723 1513 quantopere
754 1432 895 1493 virorum
928 1430 1092 1492 doctorum
1118 1431 1282 1513 opiniones
1306 1430 1457 1511 ajocosa

234 1585 236 1592 ¹
335 1556 469 1620 Luciani
491 1556 597 1620 indole
619 1556 818 1638 abhorreant,
841 1555 1006 1619 vobiscum
1031 1557 1261 1638 reputaveritis.

382 1681 453 1746 Nisi
481 1701 566 1762 vero,
598 1700 820 1770 quaecumque
843 1682 881 1746 de
905 1681 1063 1745 secundae
1086 1683 1197 1744 aetatis
1221 1680 1369 1764 operibus
1394 1701 1456 1743 un-

337 1809 434 1891 dique
469 1807 581 1891 collegi
612 1813 642 1870 et
672 1807 883 1891 particulatim
918 1809 1079 1891 proposui,
1104 1827 1169 1870 uno
1191 1812 1363 1890 conspectu
1386 1826 1455 1869 am-

338 1934 454 2018 plexus
477 1932 577 2014 fuero,
598 1952 788 2017 magnopere
808 1939 914 1997 metuo
935 1952 984 2015 ne,
1005 1953 1068 2016 qua
1088 1933 1324 1998 necessitudine
1336 1933 1457 2016 dialogi

341 2061 426 2122 inter
449 2078 483 2123 se
506 2059 694 2122 cohaereant
714 2063 744 2122 et
764 2057 825 2121 sibi
845 2058 1027 2140 succedant,
1046 2077 1159 2140 parum
1171 2059 1337 2141 perspicue
1350 2062 1457 2121 osten-

342 2184 427 2248 disse
451 2183 567 2247 videar.

381 2311 433 2374 Ad
455 2312 589 2394 primam
613 2311 711 2394 igitur
732 2316 875 2391 aetatem,
899 2312 992 2374 cuius
1004 2312 1175 2394 imaginem
1188 2312 1290 2392 capite
1303 2310 1456 2392 secunde,

341 2444 495 2520 quantum
526 2439 626 2521 potui,
658 2436 823 2518 delineavi,
855 2437 945 2500 nobis
976 2442 1024 2500 est
1054 2436 1261 2500 redeundum.
1285 2435 1358 2498 Jam
1383 2442 1454 2500 tum

337 2564 514 2627 Lucianum
536 2563 677 2646 dialogos
697 2563 915 2645 composuisse
935 2563 1084 2642 vidimus,
1097 2581 1113 2626 e
1127 2561 1245 2645 quibus
1258 2561 1455 2626 Anacharsis

339 2692 496 2754 satirioam
520 2690 658 2752 indolem
684 2691 805 2771 spirare
826 2687 996 2752 videbatur
1017 2693 1049 2752 et
1070 2687 1202 2752 Toxaris
1225 2690 1363 2771 primum
1388 2691 1457 2750 erat

339 2819 507 2901 specimen,
531 2819 563 2878 in
588 2834 652 2898 quo
676 2817 810 2898 scriptor
834 2814 872 2877 a‘d
895 2817 1028 2878 eroticas
1052 2814 1175 2878 fabulas
1198 2816 1334 2878 transiit.

383 2942 508 3026 Dialogi
540 2941 717 3022 Meretrioii,
741 2961 759 3004 a
782 2943 883 3023 prima
905 2940 1072 3005 Toxaridis
1095 2940 1203 3006 fabula
1227 2960 1290 3003 non
1317 2939 1455 3004 multum

339 3071 457 3133 diversi
477 3075 509 3132 et
526 3067 638 3131 Timon
658 3069 771 3131 seriem
792 3067 990 3150 dialogorum
1003 3086 1020 3130 e
1033 3066 1174 3144 secunda
1186 3071 1287 3130 aetate
1299 3066 1457 3148 aperiunt.

339 3196 461 3260 Deinde
484 3196 677 3258 comicorum
697 3195 777 3275 jocis
794 3193 969 3257 delectatus
981 3196 1084 3276 pergit
1097 3194 1135 3256 ad
1148 3191 1299 3275 Dialogos
1313 3190 1456 3254 Deorum

339 3330 370 3387 et
404 3321 609 3400 Morinorum,
644 3315 823 3382 Parasitum
857 3323 888 3381 et
918 3317 1065 3381 Vitarum
1091 3318 1299 3396 Auctionem,
1323 3316 1458 3379 fortasse

342 3467 383 3512 ex
412 3446 520 3511 eodem
546 3444 633 3508 fonte
656 3443 881 3507 Prometheum
906 3449 937 3506 et
960 3441 1100 3506 Deorum
1126 3440 1316 3505 Donoionem
1340 3441 1458 3504 hausit.

341 3575 460 3638 Eodem
484 3581 624 3655 tempore
648 3571 699 3634 vel
723 3570 810 3634 brevi
833 3559 960 3653 post'in
985 3568 1137 3650 Oronicis,
1161 3567 1303 3651 Dialogis
1317 3567 1465 3658 Mortuo-¹

342 3722 423 3784 rum,
446 3700 595 3782 Menippo
619 3699 686 3762 sive
705 3696 945 3777 Necyomantia,
965 3694 1174 3776 Hermotimo,
1186 3694 1319 3757 fortasse
1331 3695 1363 3756 in
1378 3692 1458 3756 Cha-

342 3847 428 3910 roue,
447 3825 466 3888 J
469 3845 528 3890 ove
544 3824 721 3904 Confutato,
734 3822 869 3905 Navigio
882 3821 1068 3905 Menippum
1083 3822 1245 3884 satiricum
1259 3825 1388 3883 secutus
1401 3825 1457 3883 est

386 3955 550 4019 Postremo
573 3954 608 4015 in
631 3951 711 4015 Jove
734 3948 903 4034 Tragoedo,
925 3947 1069 4032 Nigrino,
1093 3948 1344 4030 Icaromenippo,
1357 3944 1458 4028 Gallo,

341 4082 490 4162 Tyranno
526 4080 672 4163 dogmata
707 4075 825 4157 Cynica
857 4076 1000 4158 personis
1024 4075 1153 4137 comicis
1176 4072 1297 4154 tribuit,
1322 4072 1373 4136 vel
1396 4072 1458 4136 alio

344 4207 438 4271 modo
472 4204 579 4283 γέλωτι
612 4203 729 4282 κωμικῷ
756 4198 923 4280 σεμνότητα
945 4199 1106 4282 φιλόσοφον
1130 4201 1310 4266 hilariorem
1335 4206 1367 4265 et
1388 4220 1460 4284 gra-

344 4333 504 4398 tiosiorem
528 4332 672 4396 reddidit.
