3310 5242
764 601 783 663 9

216 829 296 873 num
328 809 389 874 sub
418 809 519 875 forma
545 829 656 894 prosae
683 811 833 875 orationis
856 830 969 875 versus
993 812 1045 876 vel
1067 810 1243 896 fragmenta
1265 830 1335 874 ver-

215 955 314 1000 suum
336 936 469 1000 laterent
492 955 509 1000 e
533 937 694 1001 comoedia
717 937 823 1002 Attica
846 943 980 1021 sumpta.

263 1061 380 1146 Magno
413 1063 518 1126 studio
550 1067 646 1146 atque
676 1062 784 1127 labore
815 1062 1003 1146 Lucienum,
1034 1065 1229 1127 comicorum
1252 1062 1334 1146 frag-

217 1193 333 1271 menta,
375 1194 407 1253 et
448 1189 629 1255 Koclrienas
664 1192 703 1256 de
738 1191 796 1254 hac
832 1192 1018 1275 quaestione
1051 1190 1289 1255 lucubrationes
1308 1193 1332 1272 1)

215 1320 444 1400 perscrutatus,
465 1335 515 1380 me
534 1316 660 1380 nullum
673 1311 800 1380 'novum
821 1317 1034 1402 fragmentum
1056 1336 1095 1382 ex
1110 1317 1217 1401 alique
1229 1320 1335 1380 vetere

216 1443 380 1507 comoedia
409 1445 442 1507 in
473 1442 614 1507 Lucieno
634 1445 809 1527 repperisse
833 1444 926 1508 lateri
950 1464 1054 1528 cogor,
1081 1444 1136 1508 sed
1160 1443 1246 1525 quod
1270 1461 1335 1504 ma·
1374 1495 1376 1500 .

215 1571 297 1634 ioris
328 1574 375 1634 est
406 1571 567 1652 momenti,
594 1571 688 1634 etiam
720 1569 878 1634 Koclrium
903 1572 999 1634 nimis
1023 1570 1172 1634 audacter
1195 1571 1228 1632 in
1252 1567 1335 1652 frag-

217 1696 334 1760 mentis
357 1696 562 1760 restituendis
584 1701 763 1779 grassatum
788 1715 857 1760 esse
880 1715 936 1779 pro
960 1700 1045 1759 certo
1069 1696 1213 1779 cognovi.

266 1821 348 1898 Quid
372 1823 458 1885 enim
481 1823 613 1886 rationis
636 1824 719 1885 inter
742 1822 920 1885 Lucienum
942 1820 1129 1886 etOomicos
1144 1820 1334 1884 intercedit?
1385 1875 1387 1880 .

264 1949 523 2033 Nonnumquam,
548 1953 584 2012 ut
605 1950 637 2012 in
661 1948 792 2011 Timone
816 1954 848 2012 et
869 1946 1011 2032 Dialogis
1032 1947 1220 2012 Meretriciis
1233 1950 1336 2010 totum

219 2079 443 2159 argumentum
481 2095 498 2139 e
532 2074 701 2139 Comoedia
731 2075 875 2159 sumpsit,
907 2073 984 2137 alibi
1015 2093 1040 2138 e.
1059 2095 1088 2158 g,
1120 2075 1153 2136 in
1190 2072 1280 2150 Gallo
1304 2075 1335 2135 et

172 2244 177 2251 -
218 2201 376 2284 Tyranno,
419 2202 575 2285 quaedam
610 2201 760 2285 episodia,
794 2205 830 2264 ut
865 2201 983 2284 dialogi
1017 2201 1196 2285 hilariores
1214 2199 1336 2281 fierent,

218 2329 339 2392 inserta
363 2333 447 2392 sunt.
471 2327 635 2392 Interdum
660 2346 687 2392 e.
700 2347 728 2411 g.
752 2328 784 2389 in
803 2323 935 2411 'dialogo
957 2327 995 2391 de
1013 2326 1156 2392 Parasito
1169 2344 1337 2410 personam

221 2454 373 2517 uomicam
396 2453 594 2536 (parasitum)
615 2453 754 2534 induxit,
776 2454 903 2534 saepius
923 2456 1028 2516 tamen
1042 2453 1145 2516 solum
1159 2468 1338 2517 sermonem

220 2581 261 2644 ad
284 2581 476 2644 comicorum
499 2598 602 2663 genus
625 2560 751 2642 dicendi
773 2577 876 2642 finxit.

265 2703 369 2770 Tacile
403 2705 502 2789 igitur
535 2703 710 2788 intellegas,
739 2704 846 2785 lector,
879 2722 972 2788 saepe
1004 2722 1067 2767 non
1100 2722 1194 2787 posse
1226 2703 1341 2785 dirimi,

221 2833 331 2894 utrum
361 2831 495 2914 scriptor
526 2828 656 2912 aliquod
681 2829 864 2912 exemplum
889 2833 962 2892 ante
985 2829 1095 2892 oculos
1120 2827 1277 2910 habuerit,
1300 2848 1341 2891 an

221 2975 238 3019 e
274 2974 331 3020 suo
365 2956 494 3040 ingenio
529 2958 752 3039 argumentum
788 2956 907 3018 comice
940 2957 1105 3019 invenerit.
1147 2953 1338 3037 Numquam

220 3087 335 3164 tamen,
368 3101 409 3146 ne
442 3083 476 3145 in
510 3082 642 3145 Timone
677 3084 708 3144 et
742 3082 775 3143 in
806 3077 948 3164 Dialngis
979 3079 1168 3144 Meretriciis
1203 3080 1343 3166 quidem,

219 3208 382 3273 Lucienus
413 3209 581 3292 magistros
613 3211 677 3270 tam
709 3224 817 3289 presse
848 3209 978 3270 secutus
1010 3210 1065 3288 est,
1097 3210 1133 3269 ut
1156 3224 1200 3270 ex
1224 3209 1343 3288 sparsis

221 3336 350 3399 comicis
373 3332 589 3397 locutionibus
612 3335 678 3396 tota
702 3350 796 3396 scena
818 3330 906 3396 refici
930 3333 1038 3415 possit.

267 3461 398 3525 Frustra
431 3461 531 3544 igitur
564 3477 667 3522 meam
703 3458 943 3541 inquisitionem
968 3458 1095 3542 suscepi
1118 3474 1225 3542 neque
1251 3458 1344 3540 quid·

222 3607 318 3671 quam
340 3585 483 3650 lucratus
508 3585 605 3649 eum?

264 3713 397 3777 Minime
432 3731 524 3792 ver03
561 3712 755 3776 comicorum
791 3711 911 3775 auxilio
948 3711 1048 3774 multo
1085 3709 1208 3791 melius,
1244 3732 1339 3794 quam

222 3839 363 3922 alioquin
404 3839 590 3921 potuissem,
625 3838 789 3920 ingenium
826 3836 959 3900 Luciani
993 3855 1049 3920 per
1083 3837 1187 3900 varias
1223 3842 1341 3904 aetates

222 3983 368 4029 crescens
391 3964 547 4047 perspexi.

225 4193 370 4203 ..—

255 4357 280 4422 l)
297 4358 348 4409 Cir.
366 4357 432 4408 Mus.
448 4357 533 4409 Rhen.
551 4355 625 4418 1888,
644 4356 733 4408 Herm.
750 4356 818 4422 XXI,
835 4355 905 4408 Com.
923 4355 976 4408 att.
994 4356 1095 4422 Fragm.
1114 4356 1187 4407 Tem.
1205 4357 1249 4409 lIl.
1319 4311 1322 4322 Ι
