3310 5242
767 600 809 661 25

230 813 267 873 et
300 812 463 893 quatenus
485 809 520 872 in
546 809 743 894 argumentis
765 807 939 872 tractandis
963 809 1142 893 aequalium
1167 810 1360 877 oboediverit

230 933 466 999 voluntatibus.

279 1059 435 1125 Solebant
469 1065 499 1126 et
533 1061 588 1124 alii
622 1061 782 1146 sophistae
813 1065 844 1125 et
869 1059 1040 1144 Lucienus,
1062 1066 1230 1146 antequam
1256 1064 1358 1128 decla-

231 1189 411 1252 mationem
435 1188 474 1252 ad
496 1188 654 1274 populum
674 1187 869 1271 incipiebant
887 1187 1097 1272 praefationes
1117 1192 1184 1254 sive
1196 1189 1358 1270 aparctias

231 1316 450 1399 praemittere,
483 1317 517 1379 in
554 1312 673 1399 quibus
704 1314 894 1398 plerumque
926 1313 1040 1378 fabella
1072 1317 1284 1402 mythologice
1307 1318 1358 1383 rel

233 1441 391 1504 historica
425 1441 464 1504 ad
497 1441 660 1524 sequentis
696 1440 933 1505 declamationis
968 1448 1190 1525 argumentum
1229 1450 1284 1509 aut
1318 1446 1358 1509 ad

235 1566 373 1631 oratoris
401 1584 567 1650 personam
593 1565 851 1631 transferebatur.
877 1565 928 1630 Ex
954 1587 1017 1650 quo
1039 1561 1218 1633 litterarum
1241 1589 1357 1654 genere

181 1669 188 1677 ¹
237 1697 414 1776 supersunt
436 1690 621 1774 Herodotus,
643 1690 865 1775 Homoloidas,
889 1689 1003 1776 Scytha
1016 1695 1038 1772 ¹)
1062 1699 1092 1759 et
1115 1693 1271 1759 Electren.

286 1817 443 1894 Quattuor
460 1816 533 1881 libn'
552 1817 709 1882 referendi
729 1821 805 1882 sunt
826 1818 866 1881 ad
879 1818 1123 1884 declamationes
1139 1821 1206 1884 sive
1218 1817 1358 1904 μελέταις,

236 1945 275 2007 in
311 1944 428 2027 quibus
463 1946 646 2028 praesertim
681 1943 964 2008 exercitationibus
995 1945 1154 2029 sophistae
1187 1965 1220 2010 se
1240 1947 1358 2029 jactare

239 2066 395 2151 solebant,
430 2089 564 2152 quarum
596 2088 692 2132 unam
726 2071 818 2152 quasi
840 2069 1016 2152 perfectum
1041 2071 1223 2154 exemplum
1247 2073 1358 2155 paucis

240 2194 414 2259 enarrabo:
442 2195 546 2276 ,filius
571 2194 699 2278 quidam
723 2215 741 2258 a
759 2200 848 2278 patre
868 2195 1032 2261 abdicatus
1045 2197 1219 2262 medicinae
1232 2198 1359 2262 studere

243 2323 358 2405 coepit.
383 2320 461 2385 Cum
486 2326 594 2406 postea
616 2326 736 2405 patrem
761 2326 974 2405 aegrotantem
1000 2323 1112 2386 medici
1136 2325 1243 2387 sanari
1265 2343 1359 2407 posse

240 2453 405 2532 negarent,
428 2447 515 2512 filins
539 2449 578 2512 ad
601 2443 762 2513 lectulum
778 2454 910 2514 vocatus
934 2451 1037 2515 salute
1059 2451 1153 2514 allata
1173 2471 1246 2516 cum
1271 2458 1359 2536 patre

241 2575 337 2639 rediit
358 2575 389 2636 in
415 2576 594 2639 amicitiam.
614 2574 692 2638 Mox
712 2595 849 2640 noverca
868 2580 931 2640 tam
952 2578 1043 2660 gravi
1066 2577 1174 2640 morbo
1188 2577 1359 2662 laborante,

240 2705 279 2764 ut
313 2719 422 2765 omnes
458 2701 671 2785 desperarent,
703 2706 792 2786 pater
826 2701 927 2766 filium
966 2707 1002 2766 ut
1031 2705 1147 2767 iterum
1180 2705 1360 2770 mederetur

207 2793 211 2802 ι
241 2829 375 2910 rogavit.
399 2825 480 2890 Cum
503 2846 579 2891 vero
601 2829 630 2892 is
656 2847 783 2912 quoque
802 2829 991 2892 medicinam
1013 2829 1161 2895 adhibere
1181 2850 1244 2894 non
1264 2832 1360 2896 aude·

240 2959 299 3036 ret,
332 2953 435 3017 denuo
466 2974 485 3016 a
514 2958 602 3037 patre
625 2958 672 3018 est
695 2953 890 3019 abdicatus.”
915 2954 1017 3031 Quam
1040 2956 1210 3020 secundam
1235 2956 1359 3020 abdica·

241 3080 363 3143 tionem
384 3084 472 3165 pater
491 3079 587 3144 salvis
601 3079 725 3164 legibus
737 3083 943 3164 pronuntiare
956 3083 1093 3166 potuerit
1106 3101 1214 3159 necne,
1227 3085 1360 3168 scriptor

242 3205 413 3289 disceptari
435 3203 534 3288 fingit.

286 3331 418 3395 Praeter
447 3331 541 3396 illum
571 3330 673 3412 [iliam
697 3332 884 3415 abdicatum,
908 3334 993 3416 quod
1019 3340 1241 3418 argumentum
1267 3338 1361 3401 etiam

240 3457 330 3542 apud
349 3456 500 3522 Senecam
522 3458 678 3522 rhetorem
693 3460 952 3541 (retroceditur,
965 3459 1040 3522 alibi
1058 3480 1186 3544 quoque
1199 3461 1361 3528 Lucianus

240 3582 388 3665 ostendit,
424 3587 619 3666 quantopere
655 3585 688 3647 in
724 3586 1013 3648 controversiarum
1047 3605 1162 3669 genere
1185 3586 1361 3651 excelleret.

241 3709 343 3773 Extat
366 3711 451 3773 enim
474 3709 693 3793 Tyrannicida
714 3710 865 3794 frequens
888 3712 923 3773 in
947 3711 1109 3775 rhetorum
1130 3712 1246 3777 scholis
1259 3714 1361 3777 decla-

242 3835 341 3900 matio
361 3835 426 3918 (cfr.
450 3834 570 3900 Seneca
595 3836 655 3919 1.7,
678 3837 760 3912 213,
785 3836 844 3920 dd,
869 3836 919 3898 a?
945 3842 976 3901 et
998 3835 1079 3901 Dial.
1104 3837 1359 3904 siceratores:

239 4039 387 4049 -—-——

274 4179 300 4242 l)
320 4179 347 4230 Si
363 4180 391 4230 in
408 4180 549 4230 reinserta
564 4181 692 4244 judicium
709 4181 775 4232 serre
791 4181 858 4245 licet,
873 4180 978 4232 fortasse
995 4181 1089 4248 Scytha
1106 4197 1228 4232 unacum
1238 4183 1361 4237 Toxaride

239 4277 267 4324 et
284 4272 457 4323 Anacharside
473 4287 489 4322 a
506 4272 618 4322 Luciano
635 4278 674 4323 est
691 4274 783 4324 editus,
801 4273 821 4322 E
838 4273 949 4323 secunda
967 4278 1049 4324 aetate
1066 4274 1139 4324 nobis
1156 4281 1272 4338 superest
1286 4292 1361 4341 prae-

238 4365 302 4416 fatio
322 4364 452 4431 ,Zeuxis”,
468 4381 483 4416 e
500 4369 593 4430 quarta
610 4364 772 4432 „Hercules'',
793 4364 952 4432 „Dionysus”
971 4371 997 4416 et
1014 4366 1120 4417 sortasse
1139 4366 1301 4434 ,nipedes’t
