3310 5242
834 623 892 666 VIII
987 633 991 640 ’

1325 833 1372 882 Peg.

662 915 801 980 CAPUT
825 913 1071 980 SECUNDUM.

629 1084 681 1152 lle
723 1085 888 1168 operibns
924 1081 1115 1150 rhetoricis
1155 1136 1162 1150 .
1209 1135 1216 1149 .
1265 1084 1427 1150 ,ao-46

310 1279 337 1341 1.
361 1276 411 1342 De
448 1277 564 1342 studiis
597 1278 773 1366 rhetoricis
809 1296 891 1361 quae
923 1277 1162 1341 Antoninorum
1197 1294 1274 1339 aevo
1312 1284 1313 1287 ’

353 1404 518 1470 florebant.

302 1535 332 1596 2.
355 1531 404 1598 De
422 1531 559 1596 Luciani
583 1530 733 1616 operibus
745 1531 911 1595 rhetoricis
924 1531 1144 1595 annotationes
1156 1531 1271 1594 variae.

305 1661 333 1724 3.
358 1657 407 1724 De
438 1658 605 1723 Toxaridis
627 1657 735 1722 fabula
758 1659 861 1742 prima
885 1662 915 1721 et
939 1657 978 1721 de
1000 1659 1131 1734 ratione,
1156 1677 1219 1740 qua
1241 1677 1271 1719 v.

361 1787 400 1849 ol.
424 1783 569 1849 Koolrius
592 1786 730 1849 comicos
754 1803 867 1848 versus
889 1785 1039 1848 restituit.

788 1977 934 1986 ----

690 2119 828 2186 CAPUT
850 2120 1047 2185 TERTIUM.

400 2286 625 2369 nautologis
651 2289 793 2355 nomios
820 2268 1044 2371 asarinus,
1070 2290 1109 2354 n
1135 2289 1335 2372 anteusus,
1417 2295 1419 2300 ·

520 2409 732 2493 philosophi,
759 2409 945 2476 hominurn
972 2430 1060 2477 vana
1084 2412 1202 2478 studia

764 2534 959 2616 carpuntur
1001 2587 1223 2603 .....
1291 2539 1423 2602 47-95
1521 2615 1524 2618 ,

305 2700 333 2763 1.
356 2698 406 2764 De
429 2702 570 2764 virorum
597 2700 761 2765 doctorum
787 2701 1007 2785 discrepantia.

307 2829 336 2892 2.
359 2826 408 2893 De
431 2827 595 2892 Piscatore
620 2834 651 2894 et
673 2829 731 2893 Bis
753 2830 924 2893 Accusato.
949 2827 1129 2912 Quaeritur,
1152 2831 1230 2915 quid

358 2952 523 3019 Lueianus
543 2954 582 3018 de
602 2956 802 3039 philosophia
822 2959 853 3020 et
865 2956 1071 3020 derhetorica
1084 2958 1226 3022 senserit.

305 3083 333 3144 3.
357 3079 406 3145 De
430 3081 563 3166 dialogis
583 3085 675 3145 antea
695 3082 798 3164 editis,
809 3083 843 3144 in
857 3081 975 3165 quibus
988 3083 1113 3166 antiqui
1126 3083 1226 3166 philo-

358 3207 449 3289 sophi
465 3209 696 3290 vituperantur,
708 3209 778 3291 ipsa
790 3207 990 3292 philosophia
1002 3210 1224 3272 contemnitur.

302 3333 331 3395 4.
355 3330 404 3396 De
431 3331 558 3416 Nigrini
581 3334 754 3416 authentia,
778 3333 919 3416 oonsili0,
943 3334 1069 3418 duplice
1094 3336 1224 3419 origiue.

304 3459 333 3520 5.
356 3455 404 3522 De
424 3458 578 3541 dialogis,
608 3459 641 3521 in
667 3458 785 3543 quibus
809 3465 998 3543 argumenta
1019 3461 1140 3524 eomioa
1163 3460 1225 3524 Lu-

357 3583 469 3647 cienus
492 3586 712 3648 retraetarisse
736 3584 870 3648 videtur.
937 3606 940 3611 ·

302 3709 331 3771 6.
354 3707 403 3773 De
424 3710 568 3795 dialogis
587 3712 621 3774 in
642 3711 762 3795 quibus
782 3711 897 3795 placita
912 3711 1081 3796 Menippea
1094 3732 1222 3778 eernere

356 3837 437 3901 licet.

302 3963 329 4025 7.
353 3959 402 4025 De
438 3962 579 4048 dialogis,
611 3965 645 4027 in
678 3963 797 4047 quibus
828 3963 926 4028 verba
957 3967 1069 4046 cynica
1093 3967 1222 4030 comicis

358 4088 504 4170 personis
527 4087 724 4153 tribuuntur.

302 4213 331 4276 8.
354 4210 537 4279 Conclusio.
