3310 5242
757 585 797 646 41

268 794 313 860 nt
342 794 502 859 Kockium
536 813 649 880 rogare
681 795 790 876 velim,
812 816 892 860 num
913 798 1051 880 Juvenis,
1075 798 1130 881 qui
1153 799 1262 862 omnia
1283 819 1337 883 pa-

219 928 313 987 terne
334 923 418 987 bona
443 925 477 987 in
499 925 700 988 meretricem
723 925 909 1007 prodegerit,
928 929 993 988 tam
1015 925 1185 1008 singularis
1204 945 1338 1010 persona

221 1050 257 1112 in
291 1049 398 1113 fabula
429 1051 545 1114 erotica
574 1049 738 1134 putandus
770 1050 818 1125 sit,
842 1054 887 1132 ut,
911 1051 938 1113 si
961 1051 1024 1113 duo
1048 1052 1215 1134 scriptores
1239 1051 1277 1114 de
1301 1069 1337 1114 eo

221 1193 324 1258 paene
349 1176 462 1240 iisdem
489 1176 592 1240 verbis
615 1177 798 1259 loquantur,
822 1195 862 1240 ex
887 1175 997 1241 eodem
1012 1177 1097 1241 fonte
1110 1182 1337 1261 argumentum

202 1387 206 1394 Ι
222 1303 371 1366 hausisse
395 1302 536 1367 debeant.

269 1428 307 1492 In
333 1425 478 1491 Convivii
501 1429 599 1512 igitur
623 1428 888 1512 descriptionibus
911 1430 1000 1511 ratio,
1027 1447 1108 1511 quae
1126 1429 1211 1492 inter
1228 1427 1339 1493 Lucia-

223 1573 307 1618 num
343 1559 374 1618 et
408 1554 635 1638 Alciphronem
672 1553 896 1636 intercedebat,
927 1553 1040 1617 Koclrii
1072 1556 1340 1638 argumentationi

223 1680 313 1762 favit,
345 1679 397 1743 hic
423 1685 532 1743 tamen
556 1681 763 1763 congruentia
787 1685 909 1744 constat
932 1681 966 1742 in
988 1681 1099 1764 paucis
1122 1679 1237 1762 verbis,
1260 1699 1340 1762 quae
1365 1684 1386 1736 ’-

225 1827 292 1871 non
327 1808 361 1868 in
399 1825 463 1869 una
498 1805 702 1889 Alciphronis
737 1806 891 1889 epistola,¹
911 1805 966 1869 sed
999 1806 1032 1868 in
1058 1804 1183 1869 duabus
1208 1804 1340 1868 diversis

226 1933 444 1997 inveniuntur.

275 2056 358 2134 Quid
381 2059 479 2141 igitur
500 2056 707 2121 statuendum
733 2057 803 2121 est?

273 2184 341 2248 Aut
363 2183 452 2247 nulla
474 2185 558 2246 inter
581 2183 660 2247 duos
682 2183 823 2247 rhetores
847 2188 894 2247 est
917 2181 1116 2246 necessitudo
1140 2217 1182 2228 —
1208 2180 1263 2244 sed
1283 2181 1343 2243 hoc

229 2311 287 2372 vix
320 2308 469 2398 credibile
505 2346 545 2354 -
579 2313 635 2372 aut
665 2309 712 2370 illi
739 2306 879 2387 στέφανοι
903 2304 1107 2386 ἡμιμάραντοι,
1131 2303 1266 2368 συνοικίαι
1291 2301 1342 2366 οιαὶ

229 2434 316 2516 appot
347 2438 430 2499 inter
462 2435 517 2498 illa
553 2436 635 2498 diota
670 2439 746 2498 sunt
779 2433 942 2516 referendi,
978 2452 1068 2516 quae,
1100 2434 1182 2496 sicut
1207 2431 1343 2495 Gobetus

231 2582 308 2627 vere
332 2561 558 2626 animadvertit
576 2560 626 2640 (V.
638 2559 672 2624 L.
691 2581 721 2644 p.
743 2560 814 2642 20.)‚
837 2560 1011 2656 Alciphron
1035 2580 1053 2622 a
1077 2557 1218 2622 Lucieno
1241 2562 1342 2621 trans-

229 2691 312 2755 ferre
336 2688 462 2754 solebat.

281 2813 443 2897 Quidquid
474 2833 548 2878 vero
573 2813 611 2876 de
634 2812 692 2875 hac
715 2811 886 2875 verborum
913 2813 1119 2894 congruentia
1143 2810 1345 2874 statuendum

238 2944 295 3022 est,
328 2938 498 3022 Koclrium,
533 2959 608 3002 cum
644 2938 739 3000 modo
766 2957 783 3001 e
806 2935 946 3001 Lucieno
973 2937 1066 3000 ruodo
1091 2954 1132 2999 ex
1154 2935 1348 3018 Alciphrone

232 3064 331 3129 verba
363 3064 482 3148 eligens
512 3063 690 3147 fragmenta
714 3063 836 3126 comica
858 3064 1048 3144 restitueret,
1071 3062 1169 3125 nimis
1194 3060 1347 3124 audacem

230 3191 340 3272 fuisse,
369 3209 425 3274 pro
449 3194 534 3252 certo
558 3193 679 3268 statu03
704 3193 740 3252 ut
763 3193 872 3252 tamen
896 3189 1055 3271 specimen
1081 3189 1151 3250 eius
1175 3187 1252 3249 artis
1276 3161 1348 3267 cog-

232 3318 372 3380 noscatis
403 3321 435 3379 et
466 3317 498 3378 in
535 3316 721 3378 universum
757 3314 795 3377 de
825 3313 1014 3376 restituendi
1044 3313 1165 3375 ratione
1189 3310 1346 3394 quaedem

150 3514 155 3522 ,
236 3443 448 3525 disputemus,
482 3441 577 3504 hosce
610 3441 771 3503 trimetros
808 3458 825 3503 e
858 3438 1013 3502 Toxeride
1050 3437 1113 3518 (15)
1138 3441 1169 3500 et
1195 3455 1235 3500 ex
1260 3437 1349 3520 epist.

234 3568 304 3632 Alc.
332 3571 359 3632 3.
385 3569 425 3631 50
449 3569 564 3652 petitos
588 3585 762 3650 apponam:

389 3695 419 3758 οὐ
442 3693 499 3774 γαρ
522 3691 602 3756 κατα
627 3697 712 3768 μῆλα
736 3687 788 3754 καὶ
810 3687 974 3769 ονεΦοένονς
998 3689 1038 3752 τοὶ
1061 3685 1123 3768 δῶρ’
1146 3685 1198 3768 ἔτι,

390 3816 454 3883 οὐδὲ
474 3817 646 3882 δαπανᾶται
670 3815 777 3896 χρυσὸν
800 3813 839 3886 εἰς
864 3812 956 3884 αὐτὴν
980 3812 1064 3891 μόνον

389 3943 536 4026 αοέργύριον
560 3944 633 4008 αλλ’
656 3942 763 4023 οὶγροὺς
786 3940 927 4013 συνοικίας
951 3940 974 4004 d'
1001 3937 1079 4011 ὅλας.

388 4074 445 4152 ἐγὼ
473 4072 498 4136 δ’
524 4072 667 4147 ὀδυνῶμαι
691 4072 763 4152 (πῶς
787 4067 909 4149 δοαεῑςς)
933 4066 986 4138 τὴν
1010 4064 1128 4145 καρδίαν

328 4231 331 4240 v
388 4199 453 4278 ὀρῶν
478 4195 645 4277 ὑπορρέοντα
668 4197 716 4260 τὸν
739 4196 864 4258 πλοῦτον
888 4190 985 4271 βοὶδνν

390 4323 419 4388 ὃν
441 4322 554 4395 Λυσίας
579 4320 720 4388 κατέλιπε
743 4320 792 4386 καὶ
816 4318 1018 4401 Φανοστροὶνν.
