3328 5234
816 583 880 648 118

281 800 373 882 quasi
396 797 581 880 exemplum
601 793 786 877 junioribus
809 796 984 877 proposuit,
1007 794 1125 857 multos
1149 793 1326 877 philologos
1338 796 1405 856 tam

278 924 482 988 vehementer
505 920 644 1003 offendit,
667 924 704 984 ut
727 921 833 984 statim
858 920 897 984 de
920 921 1084 984 authentia
1107 919 1183 983 libri
1208 919 1404 1002 dubitarent,

279 1067 342 1131 quc
377 1046 545 1112 accedebat
575 1050 612 1110 ut
642 1045 827 1129 imperfecta
859 1050 891 1108 et
922 1061 1003 1129 vaga
1027 1046 1209 1129 philosophi
1233 1047 1338 1129 imago
1362 1065 1404 1110 cx

279 1173 553 1257 apophthegmatis
577 1171 765 1235 adumbrata
782 1172 823 1234 iis
844 1171 937 1235 valde
957 1171 1144 1254 displiceret.
1165 1171 1233 1258 (cfr.
1246 1171 1404 1236 Sommer-

280 1297 375 1361 brodt
397 1297 455 1360 Ed.
479 1296 615 1360 Weidm.
638 1296 750 1379 Praef,
772 1316 802 1379 p.
824 1295 912 1377 XX).
936 1295 1024 1372 Quos
1047 1298 1133 1360 viros
1156 1297 1266 1361 doctos
1290 1316 1403 1381 rogare

276 1425 382 1508 velim,
419 1443 558 1508 quonam
592 1424 655 1487 alio
687 1424 781 1486 modo
810 1420 1025 1506 Demonactis,
1057 1425 1113 1506 qui
1146 1425 1300 1508 scriptum
1323 1423 1403 1486 nihil

277 1551 416 1634 reliquit,
439 1551 544 1634 imago
569 1550 685 1614 melius
710 1551 849 1634 potuerit
873 1549 1034 1631 delineari,
1058 1569 1154 1633 quam
1179 1554 1216 1614 nt
1241 1551 1314 1633 quis
1334 1551 1404 1615 eius

276 1673 516 1755 ἀποφθέγματα,
543 1694 625 1758 quae
648 1675 810 1739 doctrinae
834 1695 994 1739 summam
1015 1675 1317 1760 complectebantur,
1340 1675 1404 1739 ccl·
1509 1755 1514 1762 .

276 1803 412 1885 ligaret?
437 1799 529 1876 Quod
554 1801 668 1865 deinde
690 1800 772 1865 liber
795 1802 965 1864 satirarum
989 1801 1096 1885 lepore
1119 1806 1213 1883 caret,
1236 1802 1404 1885 ingenium

277 1925 412 1989 Luciani
435 1928 537 2009 magis
560 1926 600 1989 ad
620 1927 762 2008 jocosam
786 1926 977 1990 hilaritatem
1002 1946 1098 2008 quam
1119 1926 1159 1989 ad
1180 1926 1295 1990 seriam
1308 1944 1404 1990 vene·

277 2054 434 2115 rationem
458 2056 569 2115 natum
592 2069 672 2133 esse,
696 2049 863 2114 nobiscum
888 2055 1083 2134 reputemus.

323 2177 507 2260 Antequam
540 2182 645 2240 autem
674 2182 871 2260 argumenta,
895 2176 1013 2260 quibus
1037 2196 1116 2260 opus
1141 2197 1160 2240 a
1182 2175 1326 2240 Luciano
1350 2177 1404 2241 ab·

276 2304 441 2386 judicatur
463 2299 621 2386 exponam
645 2306 676 2367 et
700 2305 728 2367 si
750 2305 880 2387 possim,
904 2303 1033 2386 diluam,
1057 2305 1169 2387 paucis
1193 2304 1232 2366 de
1256 2305 1405 2387 opinione

279 2448 308 2490 v.
333 2428 360 2491 d.
385 2427 555 2492 Schwarzii
571 2421 592 2508 ¹)
616 2428 738 2511 loquar,
762 2430 819 2511 qni
843 2426 1070 2492 Demonactem
1096 2448 1153 2512 pro
1173 2426 1252 2522 ,ficta
1270 2446 1405 2511 persona

279 2554 408 2633 habens,
438 2574 518 2638 opus
542 2554 628 2638 quod
651 2559 797 2637 superest
820 2554 928 2618 seculo
952 2559 1065 2637 quarto
1089 2574 1107 2617 a
1133 2553 1322 2636 Christiane,
1348 2556 1405 2637 qui

278 2677 423 2743 breviore
446 2677 581 2742 Luciani
604 2677 710 2742 libello
734 2697 791 2762 pro
815 2678 1023 2742 fundamento
1048 2683 1201 2762 uteretur,
1225 2679 1403 2762 profectum

279 2823 349 2868 esse
371 2804 512 2885 conjecit.

323 2930 367 2993 At
397 2930 607 3013 Schwarzius,
634 2950 708 2994 cnm
733 2928 928 2994 Christianos
952 2931 1124 2994 sententias
1149 2949 1183 2994 se
1207 2931 1312 3014 legere
1335 2934 1403 3016 opi-

279 3059 418 3138 naretur,
448 3054 608 3119 obnoxius
639 3057 718 3119 mihi
749 3055 850 3119 fuisse
881 3054 1009 3118 videtur
1036 3056 1144 3137 errori,
1169 3057 1226 3138 qui
1249 3076 1267 3119 a
1289 3058 1402 3139 primis

278 3185 351 3264 post
381 3180 542 3245 Christum
575 3185 686 3244 natum
717 3180 914 3264 temporibus
946 3180 1130 3264 divulgatus
1161 3185 1217 3245 est.
1240 3181 1279 3244 In
1303 3183 1402 3265 pluri-

278 3307 339 3369 mis
363 3308 449 3371 enim
473 3305 676 3389 profanorum
698 3307 811 3370 litteris
832 3325 1038 3390 quocumque
1057 3311 1199 3389 tempore
1223 3308 1400 3371 etconsilio

280 3433 407 3514 scriptis
442 3430 613 3494 Christiani
643 3430 748 3515 rerba,
782 3450 863 3514 quae
894 3450 961 3494 non
990 3431 1122 3495 fortuito
1157 3451 1232 3495 cum
1256 3434 1401 3516 ipsorum

279 3556 342 3620 fide
365 3565 541 3639 congruere
564 3557 758 3638 viderentur,
781 3557 926 3620 invenire
950 3576 984 3620 se
1007 3555 1171 3640 putabant.

322 3678 496 3760 Byzantini
530 3698 596 3765 eg.
632 3699 707 3744 cum
738 3681 892 3744 miracula
921 3682 955 3743 in
986 3681 1082 3745 Veris
1112 3681 1265 3746 Historiis
1297 3683 1402 3747 derisa

278 3805 428 3888 legerent,
460 3808 566 3871 statim
598 3807 784 3890 dignitatem
816 3827 981 3872 sacrorum
1004 3807 1158 3871 librorum
1184 3809 1402 3875 elusam-csse

279 3932 492 4015 opinabantur
523 3932 588 4016 (cfr.
612 3931 716 3996 Schol.
739 3933 779 3996 ad
803 3933 877 3997 Ver.
901 3933 983 3997 Hist.
1007 3933 1049 4016 H,
1073 3934 1125 3996 41.
1148 3932 1187 4005 εἷς
1210 3931 1263 4004 τὴν
1287 3933 1402 4015 Ἀαρὼν

281 4175 426 4184 ——-.

312 4339 339 4405 l)
358 4339 387 4394 Α.
406 4341 532 4406 Schwarz,
551 4341 634 4393 Ueber
651 4301 766 4393 Luhians
783 4342 923 4394 Demonax.
