3328 5234
759 577 822 640 123

226 784 423 869 Theogenem
454 789 539 870 justo
570 789 716 870 iniquius
742 791 906 852 notavisse
934 789 1151 854 animadverti.
1174 791 1296 855 Iterum
1319 793 1365 855 in-

226 911 291 976 fine
319 911 496 978 Rhetorum
527 913 747 998 Praeceptoris
778 914 832 978 ille
866 912 1044 994 Διοσκούροις
1067 915 1220 993 ὁμώνυμος
1243 917 1283 981 ob
1308 918 1354 981 di·

228 1057 320 1102 versa
350 1041 492 1122 crimina,
524 1059 607 1123 quae
639 1041 678 1102 ad
711 1041 900 1104 rhetoricam
926 1041 995 1104 eius
1019 1040 1245 1123 professionem
1270 1043 1352 1105 nihil

226 1164 436 1248 pertinebant,
457 1165 569 1229 acerbe
586 1171 740 1230 tractatus
753 1170 801 1230 est
814 1167 843 1247 ¹).
858 1164 961 1241 Quam
974 1168 1175 1230 conviciandi
1187 1166 1353 1231 libidinem

226 1294 257 1352 et
281 1291 496 1354 morositatem
518 1290 659 1356 Lucieno
681 1297 866 1356 senescente
887 1293 1007 1355 sensim
1031 1299 1157 1356 auctam
1171 1313 1355 1378 esseperse

226 1415 416 1499 intelligitur
452 1421 483 1480 et
518 1436 613 1500 opera
648 1417 811 1481 Aduersus
845 1417 1010 1481 indoctam
1046 1422 1077 1480 et
1111 1417 1356 1500 Pseudoloptstes

227 1540 335 1604 lucide
370 1535 589 1606 demonstra're
624 1548 768 1626 possunt.
805 1541 894 1618 Quae
930 1543 1015 1607 enim
1048 1542 1216 1606 maledicta
1247 1545 1281 1606 in
1305 1544 1355 1608 his

226 1665 344 1730 libellis
388 1667 551 1750 leguntur,
586 1672 751 1751 tantopere
787 1668 917 1731 modum
954 1667 1124 1750 excedunt,
1159 1672 1195 1731 ut
1231 1668 1354 1732 urbana

228 1791 362 1856 Luciani
385 1797 510 1876 natura,
535 1793 613 1857 alibi
636 1796 814 1877 perspicua,
837 1793 882 1856 ibi
905 1793 1025 1857 frustra
1051 1775 1229 1876 quaeratur.

274 1916 366 1982 Duae
390 1919 505 1982 deinde
528 1939 673 1984 morosae
697 1921 980 1984 commentationes
993 1919 1030 1983 de
1042 1899 1146 1983 Lacte
1158 1925 1188 1983 et
1200 1919 1237 1984 de
1249 1919 1354 1986 Sacri

226 2043 306 2122 ficiis
343 2051 525 2128 supersunt,
562 2066 642 2128 quas
677 2050 785 2109 utrum
823 2046 862 2109 ad
898 2047 1024 2110 tertiam
1061 2066 1100 2108 an
1133 2046 1173 2110 ad
1209 2051 1353 2130 quartam

227 2173 361 2233 aetatem
397 2170 541 2252 referam,
573 2171 650 2234 mihi
682 2190 747 2233 non
775 2174 897 2234 certum
922 2176 978 2234 est.
1003 2171 1095 2234 Prior
1118 2173 1203 2235 enim
1226 2171 1354 2235 libellus

227 2298 292 2357 tam
313 2296 395 2358 tristi
415 2314 561 2359 sermone
581 2301 629 2359 est
650 2297 798 2379 scriptus,
819 2301 855 2359 ut
874 2295 914 2359 ab
927 2316 964 2360 eo
978 2295 1138 2379 profectus
1151 2316 1221 2362 esse
1234 2297 1355 2380 debeat,

229 2421 286 2502 qui
309 2420 405 2503 longa
431 2421 590 2484 malorum
613 2423 695 2484 serie
714 2421 869 2504 gaudium
891 2424 975 2484 vitae
996 2422 1163 2486 amisisset.
1184 2423 1275 2487 Alter
1288 2443 1353 2486 non
1405 2485 1410 2496 ,

226 2543 352 2609 fabulas
376 2546 415 2609 de
439 2546 505 2610 deis
530 2546 581 2610 vel
605 2548 778 2610 sententias
798 2546 980 2610 mortalium
1003 2547 1042 2610 de
1061 2549 1236 2610 numinum
1251 2553 1355 2631 potes·

231 2672 295 2758 tate
318 2669 431 2734 festive
453 2671 569 2754 illudit,
593 2677 630 2735 ut
652 2671 816 2736 Lucianus
841 2677 933 2736 antea
953 2670 1100 2736 Comicos
1121 2677 1152 2736 et
1165 2671 1355 2758 Menippum

230 2800 360 2859 secutus
383 2797 487 2862 facere
511 2797 641 2880 solebat,
664 2799 719 2862 sed
743 2801 850 2882 ipsum
876 2799 955 2862 adeo
979 2799 1103 2863 cultum
1126 2800 1272 2863 divinum
1287 2805 1354 2864 tam

229 2920 387 2986 hostiliter
418 2943 589 3007 aggressus
621 2929 678 3006 est,
706 2930 742 2988 ut
764 2927 883 2988 morosi
907 2926 993 2988 senis
1017 2944 1098 3008 opus
1122 2944 1192 2989 esse
1216 2930 1355 2990 statuere

228 3046 332 3110 liceat.
358 3046 439 3110 Cum
464 3049 699 3132 Aegyptiorum
725 3051 911 3133 praesertim
934 3050 1121 3134 religionem
1144 3051 1284 3132 (desaor.
1299 3052 1354 3135 14)

227 3173 464 3255 ineptissimam
501 3176 647 3258 scriptori
684 3175 786 3240 videri
815 3176 976 3259 legissem,
1008 3181 1039 3240 et
1062 3178 1096 3239 in
1121 3177 1159 3240 de
1183 3176 1288 3241 [ructu
1311 3177 1352 3240 21

229 3297 325 3360 verba
350 3296 513 3375 Αἰγύπτιος
537 3297 592 3376 μέν
615 3323 652 3376 γε
676 3337 717 3347 -
742 3298 819 3378 λέγω
843 3300 869 3363 δ’
894 3300 959 3365 ἰδών
983 3339 1025 3348 -
1049 3298 1175 3382 ξηράνας
1194 3303 1242 3365 τὸν
1262 3301 1354 3382 νεκρὸν

229 3421 393 3487 σύνδειπνοι
416 3422 467 3486 uel
492 3422 646 3501 reprobae
669 3425 824 3498 ἐποιήσατο
848 3428 1054 3509 invenissem,
1076 3427 1255 3491 Lucianum
1277 3429 1354 3492 haec

230 3567 324 3632 opera
359 3549 550 3613 scribentem
578 3552 644 3632 jam
677 3551 872 3636 Aegyptum,
905 3552 960 3616 ubi
992 3557 1101 3636 postea
1132 3572 1207 3617 eum
1232 3555 1354 3619 vixisse

228 3680 362 3758 constat,
387 3676 616 3758 demigravisse
641 3678 793 3742 conclusi.

275 3799 358 3876 Quia
382 3806 488 3888 autem
512 3801 610 3866 libros
631 3802 670 3866 de
692 3802 797 3867 luctu
822 3808 852 3868 et
876 3805 915 3868 de
935 3803 1106 3870 Sacrificiis
1125 3825 1183 3889 pro
1203 3806 1352 3890 operibus

260 4075 287 4140 l)
304 4075 395 4138 Neque
411 4075 597 4138 praetereunda
613 4079 652 4124 est
670 4075 807 4124 Alexandri
822 4075 884 4138 siaa
905 4091 968 4126 nam
985 4077 1043 4127 licet
1058 4075 1217 4126 credulitatis
1225 4079 1251 4126 el
1261 4090 1352 4141 super-

227 4167 341 4218 stitionis
366 4171 482 4216 exactam
509 4167 658 4232 imaginem,
683 4167 779 4230 quibus
804 4167 924 4218 homines
950 4167 1144 4218 Antoninorum
1171 4182 1232 4217 aevo
1250 4167 1352 4217 obnoxii

228 4263 309 4322 erant,
326 4259 392 4324 grati
411 4259 573 4323 accipiamus
591 4263 678 4308 tamen
696 4274 749 4308 non
766 4264 806 4309 est
820 4259 987 4310 infitiandum
998 4261 1142 4311 Lucianum
1152 4259 1227 4309 illum
1236 4261 1363 4313 fallacem·

228 4351 405 4400 circulatorem
424 4350 503 4400 nimis
520 4355 575 4399 atro
593 4350 702 4400 carbone
720 4355 829 4400 notasse.
