3310 5242
789 551 829 612 37

245 782 367 828 scenas
390 763 424 824 in
449 761 659 846 epistolarum
682 759 824 824 formam
849 761 1020 844 transtulit,
1042 760 1098 824 sed
1121 761 1217 824 etiam
1240 758 1376 824 Luciani

245 889 370 953 scrinia
401 887 590 971 compilasse
622 907 641 950 a
674 887 840 950 nonnullis
870 907 900 950 v.
931 887 958 949 d.
991 887 1113 950 dicitur.
1139 885 1230 962 Quod
1249 888 1372 950 crimen

248 1019 414 1098 quatenus
439 1033 552 1078 verum
580 1013 621 1076 sit
639 1012 841 1095 inquirendo,
861 1012 1021 1095 judicium
1036 1012 1249 1075 del'oxaridis
1262 1031 1373 1095 qnaes-

244 1143 339 1206 tione
362 1140 493 1220 faciam3
520 1159 595 1203 nam
622 1137 649 1203 si
673 1140 849 1223 Alciphron
869 1138 1051 1203 Lucianum
1073 1145 1204 1204 secutus
1229 1144 1286 1223 est,
1310 1144 1374 1204 tota

246 1268 308 1332 illa
331 1267 446 1332 Koolrii
469 1267 558 1349 ratio,
583 1286 648 1349 qua
670 1270 847 1350 utrumque
882 1268 1068 1350 scriptorem
1089 1268 1173 1331 inter
1191 1286 1225 1331 se
1245 1287 1372 1351 compa-

248 1414 340 1459 rans
363 1395 522 1457 comicum
546 1391 762 1476 fragmentum
782 1394 948 1457 restituere
968 1393 1100 1476 studuit,
1112 1413 1258 1458 corruere
1272 1393 1369 1458 debet

296 1519 423 1584 Ceteros
454 1520 552 1603 igitur
578 1520 675 1600 locos,
698 1517 756 1582 ubi
780 1519 956 1603 Alciphron
981 1520 1020 1584 ad
1042 1519 1177 1596 Luciani
1200 1539 1370 1605 argumen-

245 1652 320 1711 tum
346 1647 524 1730 respexisse
548 1647 703 1729 arguitur,
728 1646 837 1710 0rdine
861 1666 1028 1730 exponam.

214 1776 221 1783 '
298 1770 394 1835 Initio
420 1771 537 1855 dialogi
559 1770 712 1834 Lucianei
740 1770 822 1834 Galli
845 1770 997 1853 Micyllus
1022 1777 1119 1853 sutor,
1138 1765 1211 1835 curn
1234 1772 1372 1856 splendi-

245 1898 328 1960 dam
361 1898 467 1961 divitis
493 1916 635 1979 coenam,
658 1898 711 1960 cui
734 1898 835 1980 pridie
859 1896 1009 1980 adfuerat,
1032 1899 1065 1960 in
1091 1899 1215 1962 somnio
1239 1898 1369 1984 videret,

243 2024 411 2109 gallicinio
448 2028 653 2108 experrectus
688 2042 763 2087 cum
797 2023 881 2106 gallo
916 2023 1089 2106 domestico
1125 2024 1163 2088 de
1194 2025 1364 2089 hominum

240 2151 375 2214 diversa
398 2114 481 2213 scite
505 2149 650 2233 amplum
675 2167 857 2212 sermonem
877 2147 997 2213 habuit.
1018 2149 1116 2232 Apud
1135 2149 1363 2233 Alciphronem

242 2275 342 2358 (3.10)
378 2274 542 2338 somnium
577 2273 708 2336 fossoris
745 2273 924 2355 cuiusdam,
958 2274 1015 2356 qui
1046 2272 1084 2336 ab
1114 2274 1363 2338 Atheniensium

239 2399 367 2483 populo
400 2399 467 2462 dux
502 2399 661 2481 designari
692 2397 754 2461 sibi
784 2400 875 2462 visus
910 2403 966 2480 est,
1002 2398 1139 2482 improbi
1173 2400 1249 2483 galli
1282 2419 1360 2465 voce

241 2522 433 2606 dispellitur.
467 2522 506 2585 In
542 2527 678 2606 utraque
713 2508 812 2606 igitur
844 2525 1024 2588 narratione
1053 2524 1157 2608 gallus
1189 2525 1357 2590 dominum

240 2649 455 2712 somniantem
482 2649 521 2712 ad
546 2649 748 2731 quotidianas
772 2651 857 2714 vitae
880 2650 1043 2714 molestias
1064 2656 1199 2735 revocat,
1219 2652 1274 2716 sed
1287 2655 1362 2736 quia

239 2774 322 2838 nihil
346 2779 505 2858 praeterea
529 2774 699 2858 utrobique
723 2775 887 2839 evidenter
907 2777 1063 2860 congruit,
1075 2781 1183 2840 utrum
1197 2777 1360 2843 Lucianus

239 2901 427 2984 exemplum
464 2901 668 3000 Alciphronis
697 2901 802 2983 fuerit,
834 2921 874 2964 an
908 2907 1042 2986 uterque
1073 2922 1114 2967 ex
1137 2904 1247 2967 eodem
1271 2905 1358 2970 fonte

236 3027 391 3107 hauserit,
423 3047 462 3089 an
498 3027 587 3090 nulla
620 3029 728 3111 potins
762 3029 965 3092 necessitudo
988 3030 1070 3092 inter
1095 3047 1148 3093 eos
1171 3031 1355 3116 intercedat,

237 3153 419 3215 discernere
442 3171 507 3215 non
530 3152 612 3216 licet.

283 3276 406 3342 Deinde
448 3277 640 3342 convivium
683 3279 881 3345 Lucianeum
916 3287 947 3347 et
982 3281 1186 3364 Aloiphronis
1221 3285 1354 3367 epistola

237 3405 266 3467 3.
293 3404 333 3465 55
376 3405 454 3467 viris
491 3404 590 3468 doctis
626 3423 652 3470 e.
677 3425 706 3490 g.
740 3405 914 3470 Fritnschio
927 3408 949 3489 1)
983 3412 1146 3490 tantopere
1179 3412 1350 3476 convenire

233 3527 394 3606 videntur,
424 3534 460 3593 ut
489 3529 571 3592 hanc
595 3550 651 3613 pro
679 3530 787 3612 ,brevi
810 3532 1072 3597 adumbratione’'
1095 3533 1182 3597 illius
1204 3535 1349 3600 habeant.

233 3657 339 3722 Paulo
363 3659 542 3721 accuratius
566 3658 821 3742 descriptionem,
845 3680 943 3743 quam
968 3661 1054 3725 dedit
1077 3666 1221 3745 uterque,
1244 3661 1350 3727 obser-

232 3802 360 3847 vemus.
394 3780 536 3847 Lucinas
561 3783 656 3868 (apud
678 3782 868 3866 Lucienum)
892 3787 995 3850 amico
1019 3787 1146 3852 Philoni
1170 3808 1348 3873 occurrens,

232 3928 270 3974 se
305 3909 432 3972 cuidam
468 3910 614 3972 convivio
649 3911 830 3975 interfuisse
860 3916 975 3994 narrat,
1007 3915 1093 3997 quod
1115 3915 1347 4000 Aristaenetus,

231 4056 312 4100 cum
346 4035 429 4100 filiae
461 4036 589 4118 nuptias
625 4041 738 4120 ageret,
769 3998 933 4121 splendide
963 4041 1131 4122 apparavit.
1156 4039 1346 4123 Complures

228 4214 378 4224 ...——-.

267 4317 296 4382 1)
315 4315 365 4368 Cir.
383 4317 427 4369 Ed.
445 4319 506 4370 Luc.
523 4319 589 4370 Prol.
607 4320 639 4369 ad
656 4319 733 4372 Conv.
