3328 5234
789 568 829 632 73

257 796 390 842 uxorem
424 798 515 842 suam
547 798 617 844 esse
649 780 704 844 sed
730 779 905 843 divortium
930 799 1003 843 cum
1028 782 1141 844 marito
1165 779 1320 845 facturam
1344 785 1375 846 et

257 903 407 976 κακώσεως
429 904 515 969 litem
541 904 602 970 sibi
625 907 821 970 intenturam
843 876 990 969 iinxerat.
1015 904 1084 981 Qua
1103 908 1175 970 rixa
1187 907 1372 992 pervulgata

257 1027 377 1093 Cratini
410 1031 582 1096 familiares
617 1033 789 1116 mulierem
822 1030 997 1115 obsecrant,
1020 1036 1065 1114 ut,
1088 1052 1129 1096 ne
1152 1033 1231 1116 quid
1254 1038 1371 1099 temere

254 1155 356 1240 faciat,
389 1161 420 1221 et
450 1178 532 1242 quae
568 1160 609 1222 sit
642 1163 748 1222 tantae
772 1159 958 1222 inimicitiae
979 1177 1078 1222 causa
1102 1164 1270 1242 quaerunt.
1291 1161 1372 1260 Tum

253 1282 308 1346 illa
339 1287 528 1368 gravissime
562 1286 707 1368 queritur
742 1285 781 1348 de
816 1283 952 1367 Cratin0,
983 1285 1070 1368 quod
1104 1305 1138 1350 se
1178 1289 1374 1370 contemptui

254 1409 367 1473 habeat
399 1414 566 1494 totumque
600 1411 815 1475 Temulentiae
850 1429 919 1474 sese
953 1410 1126 1474 tradiderit.
1162 1410 1310 1477 Cratinus
1341 1418 1372 1477 et

255 1552 340 1597 uxor
362 1542 434 1599 ante
457 1536 661 1600 familiarium
684 1536 842 1618 judicium
866 1539 1021 1599 vocantur
1044 1541 1075 1600 et
1098 1541 1234 1620 uterque
1257 1540 1371 1602 oratio·

255 1678 328 1723 nem
365 1661 404 1724 ad
423 1661 607 1744 J'udicialem
630 1661 764 1726 formam
791 1661 927 1725 effictam
950 1660 1068 1725 habuit.
1092 1660 1270 1726 Lucianum
1295 1684 1370 1748 sup-

256 1806 338 1869 pone
361 1807 418 1870 pro
443 1787 579 1871 Cratino,
601 1787 841 1870 ,Rhetoricam’'
854 1807 910 1870 pro
926 1787 1144 1870 „Comoedia”
1159 1787 1370 1874 „Dialogum”

255 1933 311 1996 pro
346 1913 582 1994 „Temulentia”
614 1920 645 1979 et
668 1912 765 1978 habes
790 1917 1014 1997 argumentum
1039 1912 1169 1994 alterius
1192 1917 1291 1997 partis
1313 1916 1370 1980 Bis

256 2038 407 2104 Accusati
430 2038 590 2105 Lucianei.
610 2042 804 2104 Asseverare
821 2044 927 2103 tamen
948 2040 1111 2103 satiricum
1130 2042 1232 2124 ipsam
1246 2039 1370 2114 Πυτίνην

255 2165 415 2228 imitatum
449 2185 518 2231 esse
552 2185 616 2230 non
652 2166 763 2248 aude0‚
797 2166 871 2248 quia
901 2165 1011 2247 plures
1043 2163 1225 2229 subsimiles
1247 2166 1373 2232 fabulae

257 2307 326 2353 esse
361 2296 542 2373 potuerunt.
579 2290 665 2367 Quid
700 2291 785 2355 enim
821 2290 1001 2373 argumenti
1034 2288 1095 2352 fuit
1128 2289 1254 2355 fabulae
1292 2289 1370 2373 „nir

258 2413 525 2495 aarayopnlperoffl
549 2418 663 2480 cornici
685 2415 840 2498 Augeae?

300 2540 433 2624 Proprio
468 2543 567 2626 igitur
601 2540 703 2605 Marte
737 2559 838 2604 meam
871 2542 1114 2624 inquisitionem
1150 2542 1310 2626 perficiam
1343 2548 1373 2608 et

257 2667 408 2730 comicam
443 2668 599 2751 originem
633 2687 698 2731 non
734 2668 963 2730 sententiarum
995 2665 1124 2730 fortuita
1156 2668 1374 2752 similitudine,

257 2793 311 2856 sed
335 2797 400 2856 toto
423 2792 578 2857 librorum
603 2797 790 2878 argumento
814 2795 1015 2876 interpretari
1038 2792 1183 2857 conabor.

299 2917 324 2981 Ι.
355 2917 560 3003 Quicumque
589 2920 682 2984 hilari
705 2924 737 2984 et
755 2921 864 3001 jocoso
889 2924 937 2983 est
959 2921 1074 3002 animo,
1097 2941 1205 2986 nonne
1229 2922 1375 3006 Diulopos

256 3043 448 3109 Meretricios
484 3046 630 3110 adamare
665 3046 767 3128 debet,
801 3044 858 3109 ubi
891 3047 1098 3111 mulierculae
1129 3068 1203 3112 cum
1228 3052 1374 3114 amatori-

255 3169 324 3253 bus,
360 3171 517 3237 matribus
541 3174 592 3237 vel
615 3173 745 3237 famulis
768 3174 910 3237 rixantes
932 3179 987 3238 aut
1006 3174 1248 3240 confabulantes
1270 3177 1375 3262 lepide

255 3301 478 3366 inducuntur?
514 3299 698 3364 Cavendum
733 3304 840 3364 tamen
875 3305 923 3364 est
957 3319 998 3364 ne
1033 3303 1285 3386 elegantissimas
1315 3305 1373 3370 has

258 3430 414 3512 imagines
461 3446 503 3491 ex
544 3426 725 3509 aequalium
769 3427 834 3489 vita
874 3445 892 3489 a
935 3425 1077 3490 Luciano
1120 3433 1263 3512 sumptas
1305 3449 1374 3495 esse

256 3559 417 3638 putemus,
456 3559 487 3617 et
520 3553 724 3616 recordemur
758 3556 889 3636 oportet,
925 3557 1119 3637 quantopere
1153 3555 1303 3639 rhetores,
1339 3563 1375 3621 ut

256 3681 430 3764 Alciphron
466 3685 497 3744 et
519 3680 751 3762 Aristaenetus,
774 3680 969 3744 comoediam
992 3681 1026 3742 in
1050 3700 1176 3764 prosam
1202 3685 1375 3747 orationem

255 3810 380 3868 mutare
416 3804 605 3869 studuerint.
642 3795 776 3889 Propter
809 3807 998 3870 immensam
1030 3825 1105 3869 vero
1131 3805 1374 3873 Comoediarum

256 3930 420 3995 Novarum
451 3933 572 4015 copiam
605 3936 636 3996 et
666 3933 816 4016 exiguam
849 3950 931 4014 quae
960 3932 999 3995 ad
1023 3951 1081 3994 nos
1105 3934 1249 4015 pervenit
1274 3933 1312 3998 de
1334 3937 1374 4000 iis

256 4058 410 4140 notitiam,
446 4076 527 4140 quae
556 4058 591 4119 in
623 4058 759 4141 singulis
792 4057 937 4141 exempla
968 4056 1130 4121 Lucienus
1162 4061 1292 4122 secutus
1325 4062 1376 4145 sit,

257 4181 430 4263 dijudicare
464 4201 605 4265 nequeo;
641 4187 677 4245 ut
709 4187 815 4246 tamen
846 4186 1107 4265 argumentorum
1132 4182 1375 4250 similitudinem

257 4328 440 4394 cognoscas,
464 4309 624 4394 dialogum
650 4307 700 4373 IX
724 4307 866 4372 conferas
890 4328 964 4373 cum
983 4307 1152 4374 Menandri
1172 4309 1376 4397 Θρασυλέοντι,
