3328 5234
849 599 889 661 90

363 868 400 932 7..
418 866 466 934 De
488 867 627 950 dialogis,
650 869 684 930 ia
705 867 818 953 quibus
841 868 930 932 acrba
957 868 1072 950 Cynico
1095 867 1215 930 cornicis
1237 866 1379 946 personis

771 993 965 1058 deluuntur.

355 1183 379 1246 I.
403 1182 511 1247 Jovcm
534 1183 729 1265 Tropaeolum
739 1184 760 1264 1)
781 1189 889 1247 utrum
909 1184 949 1247 ob
968 1184 1151 1246 litterariam
1163 1181 1297 1244 formam
1310 1200 1327 1244 e
1339 1182 1428 1263 poesi

312 1314 343 1371 et
373 1309 519 1392 pedestri,
535 1329 680 1374 sermone
702 1311 909 1393 compositam
933 1308 1083 1392 Menippo
1106 1329 1146 1371 an
1170 1313 1296 1390 propter
1318 1305 1428 1369 Dami-

311 1434 383 1497 dem
413 1434 606 1518 Epicureum
639 1434 825 1500 Comoediae
853 1434 1031 1499 adscribere
1055 1433 1201 1497 deberem
1228 1432 1293 1514 (cfr.
1317 1430 1427 1495 fabula

310 1558 504 1624 Menandrea
534 1558 765 1641 Ἐπιτρέποντες,
796 1560 854 1624 ubi
883 1561 921 1624 de
945 1562 1117 1623 numinum
1142 1559 1340 1641 providentia
1364 1559 1428 1621 dis-

310 1685 445 1768 putant),
481 1687 536 1749 diu
570 1687 741 1766 haesitavi3
773 1687 911 1769 denique
943 1685 1103 1768 duplicem
1133 1690 1280 1748 naturam
1303 1684 1427 1747 admisi.

355 1811 477 1876 Deinde
516 1815 548 1874 in
584 1812 732 1895 Menippo
767 1818 798 1876 et
835 1812 988 1893 Chorene,
1022 1811 1149 1876 duobus
1183 1810 1273 1874 libris
1308 1809 1428 1890 Cynica

310 1940 451 2002 doctrina
493 1939 625 2021 refertis,
666 1941 840 2022 primarum
880 1944 1001 2002 actores
1036 1940 1173 2001 comicos
1209 1956 1332 2020 pannos
1367 1955 1426 2004 suo

311 2067 436 2129 ornatui
471 2065 654 2129 adsuerunt.
683 2065 859 2159 ‘Menippus
894 2066 1007 2149 pellem
1041 2065 1200 2129 leoninam
1233 2063 1271 2126 ab
1304 2065 1427 2126 Aristo-

310 2190 433 2274 phaneo
463 2189 598 2271 Baccho,
629 2189 752 2253 Charon
784 2211 802 2253 a
831 2189 974 2254 Xanthia
997 2189 1117 2254 dictum
1142 2189 1221 2252 illud
1249 2185 1331 2269 „aspi
1355 2186 1427 2262 ἐμοῦ

311 2316 337 2379 δ’
362 2314 454 2388 οὐδεὶς
477 2316 584 2393 adpo?
610 2323 775 2381 mutuatus
799 2321 854 2381 est.

356 2441 457 2507 Multo
491 2449 596 2506 tamen
629 2443 746 2506 clarius
774 2443 1046 2526 'Icaromenippus
1071 2441 1181 2505 Gallus
1204 2446 1234 2505 et
1255 2440 1426 2521 Tyrannus

311 2588 370 2632 nos
391 2570 513 2649 docent,
537 2570 700 2652 quomodo
720 2568 882 2633 Lucienus
903 2569 1084 2632 comoediae
1096 2568 1217 2631 auxilio
1232 2586 1311 2630 usus
1321 2565 1429 2648 fuerit,

311 2699 348 2756 ut
371 2696 543 2758 sententias
568 2694 703 2776 Cynicas
727 2696 873 2760 redderet
895 2695 1069 2758 hilariores.

324 2824 326 2828 ’
355 2819 396 2882 II.
430 2820 468 2883 Iu
502 2821 747 2904 Icoroment'ppo,
779 2824 872 2885 cuius
907 2826 1130 2903 argumentum
1151 2821 1217 2902 jam
1242 2820 1377 2882 novistis
1391 2819 1427 2902 2),

312 2947 372 3008 tria
395 2949 563 3010 satirarum
587 2967 712 3030 genera,
736 2967 817 3031 quae
840 2954 933 3011 antea
956 2947 1092 3030 singulis
1117 2946 1250 3029 dialogis
1274 2946 1428 3027 exercuit,

312 3092 398 3135 nunc
433 3075 602 3155 conjuncta
635 3074 795 3158 leguntur.
832 3074 1015 3156 Philosophi
1050 3072 1170 3168 (4-10
1207 3078 1237 3135 ct
1274 3073 1428 3152 29-34),

312 3201 444 3264 deorum
467 3203 533 3264 vita
557 3201 728 3265 domestica
752 3203 914 3282 (21-34),
938 3200 1044 3264 studia
1067 3199 1250 3262 mortalium
1264 3199 1427 3279 (ll-20),

314 3345 377 3408 qua
411 3332 487 3400 sunt
520 3328 682 3408 inanitate,
717 3326 902 3391 eluduntur.
943 3324 1065 3389 Verum
1097 3344 1161 3388 non
1190 3325 1255 3406 jam
1282 3343 1426 3388 morosus

312 3452 470 3516 Saturnus
503 3454 547 3535 (in
580 3452 733 3534 Oroniois)
764 3454 814 3517 vel
845 3456 913 3536 ipse
944 3452 1077 3516 mordax
1100 3451 1271 3534 Menippus
1295 3451 1333 3514 de
1357 3469 1427 3533 per-

313 3598 405 3643 versa
438 3579 602 3642 hominum
639 3584 754 3642 natura
784 3581 939 3662 queritur,
961 3577 1132 3660 Menippus
1156 3582 1298 3641 mutatus
1323 3580 1370 3640 est
1393 3577 1427 3637 in

311 3704 599 3789 Icaromcnippum‚
626 3704 784 3769 Saturnus
807 3707 841 3768 in
864 3705 977 3768 Jovem
1002 3703 1206 3787 Epicureum.
1232 3701 1337 3800 Quam
1361 3700 1428 3764 dia-

312 3831 375 3913 logi
399 3835 545 3894 naturam
569 3830 609 3893 ad
633 3832 825 3893 comicorum
850 3829 1055 3893 festivitatem
1080 3833 1234 3892 mutatam
1254 3825 1429 3910 ipscLuoi-

311 3973 392 4017 anus
423 3956 552 4019 nomine
579 3954 830 4037 Icaromenippo‚
855 3954 940 4037 quod
965 3954 1004 4017 ad
1028 3955 1221 4017 comicorum
1246 3952 1429 4035 exemplum

313 4147 456 4154 ——-..

345 4262 370 4326 1)
386 4264 431 4314 cfr.
449 4280 472 4329 p.
490 4262 523 4313 80
540 4279 612 4315 meae
630 4265 690 4314 diss.

345 4353 372 4418 2)
390 4356 434 4406 cir.
452 4370 476 4419 p.
493 4353 526 4406 58
543 4371 614 4407 meae
632 4357 690 4407 diss.
