3310 5242
792 591 832 652 55

253 801 305 864 illa
329 802 534 884 antiquorum
558 800 801 884 philosophandi
821 802 909 884 ratio,
930 817 1012 885 quae
1033 799 1188 866 abstrusis
1211 801 1368 884 quaestio·

252 926 348 991 nibus
370 928 503 991 lectores
527 925 629 990 taedio
654 925 841 992 afficiebat.''

295 1051 378 1129 Quid
401 1052 500 1136 igitur
522 1071 580 1116 nos
602 1050 764 1116 Lucianns
787 1054 821 1116 in
844 1051 905 1117 Bis
927 1055 1075 1118 Accusata
1099 1053 1230 1117 docuit?
1253 1053 1362 1118 Primo

251 1199 324 1244 enm
354 1180 541 1244 rhetoricam
564 1183 664 1242 artem
687 1183 815 1263 propter
837 1181 965 1244 inanem
988 1184 1019 1244 et
1042 1179 1201 1264 turgidam
1224 1179 1363 1245 indolem

250 1305 293 1368 40
318 1325 417 1370 annos
441 1309 552 1369 natum
575 1303 792 1387 repudiavisse
817 1305 975 1389 audimus,
998 1305 1136 1370 secundo
1160 1307 1362 1390 apparetjam

248 1431 426 1514 complures
457 1431 597 1514 dialogos
629 1449 698 1498 esse
729 1431 871 1515 scriptos,
902 1450 1039 1515 quorum
1062 1431 1199 1514 lepidam
1221 1431 1360 1496 indolem

250 1559 358 1620 contra
380 1557 633 1621 adversariorum
657 1557 789 1620 crimina
812 1556 979 1622 defendere
1002 1561 1142 1621 conatur.

294 1681 386 1759 Quod
417 1701 458 1747 ex
486 1682 648 1746 Piscatore
677 1684 777 1767 igitur
809 1687 840 1747 et
869 1701 910 1747 ex
932 1682 989 1748 Bis
1013 1683 1172 1748 Accusato
1198 1687 1361 1750 consecuti

249 1829 371 1892 sumus,
394 1812 430 1873 ut
453 1809 657 1893 complectar:

294 1933 337 1998 10.
358 1934 521 2001 Lucienus
544 1935 768 2020 Philosophiae
790 1936 962 2001 admirator
984 1940 1031 2002 est
1053 1936 1163 2002 factus.

292 2059 336 2124 20.
359 2062 519 2145 Antiquos
541 2063 746 2147 philosophos
772 2063 855 2145 colit,
879 2063 1026 2146 aequales
1049 2067 1260 2148 persequitur.

292 2188 335 2253 30.
359 2187 637 2274 Quadragenarius
659 2188 859 2254 Rhetoricam
885 2190 1031 2254 deseruit.

289 2309 334 2376 40.
359 2312 432 2377 J'am
456 2315 636 2398 complures
660 2315 797 2379 comicos
816 2320 846 2379 et
866 2317 995 2396 cynicos
1015 2315 1155 2400 dialogos
1174 2320 1359 2402 composuit.

291 2438 361 2516 Qua
394 2441 495 2523 prima
528 2441 750 2526 disputationis
781 2447 870 2526 parte
902 2443 941 2506 ad
970 2442 1066 2507 finem
1098 2443 1250 2527 perducta
1272 2464 1360 2509 nunc

249 2585 329 2649 quae
360 2567 481 2649 judicia
503 2569 538 2631 in
572 2568 636 2632 illis
671 2570 801 2632 comicis
836 2574 867 2633 et
901 2570 1022 2650 cynicis
1058 2568 1192 2653 dialogis
1226 2571 1359 2654 scriptor

246 2692 422 2779 protulerit,
445 2695 682 2778 investigemus,

289 2893 319 2957 3.
351 2890 401 2957 Dc
424 2893 555 2975 diolopis
577 2898 671 2957 oatoo
693 2893 790 2978 editis,
813 2894 848 2957 in
872 2894 981 2979 quibas
1003 2894 1127 2979 antiqui
1145 2895 1320 2982 philosophi

416 3019 645 3100 vituperantur,
669 3018 738 3102 ipso
756 3019 951 3104 philosophia
975 3021 1188 3086 contemnitur.

289 3205 383 3271 Nunc
417 3207 515 3290 igitur
547 3225 598 3270 res
628 3206 697 3289 fert,
728 3211 765 3270 nt
787 3212 933 3272 accurate
956 3207 1153 3292 indagemus,
1176 3207 1215 3272 de
1239 3209 1358 3293 quibus

246 3332 377 3418 dialogis
408 3336 474 3418 jam
510 3337 602 3397 antea
633 3333 726 3397 editis
757 3335 792 3396 in
815 3332 977 3398 Piscatore
1001 3337 1032 3396 et
1054 3332 1111 3398 Bis
1133 3336 1293 3401 Accusato
1316 3339 1359 3403 sit

243 3477 353 3523 sermo.

286 3581 398 3649 Denuo
430 3585 469 3649 ad
497 3586 586 3650 illam
611 3584 782 3668 malignam
806 3583 959 3668 Diogenis
983 3585 1156 3650 orationem
1182 3586 1275 3667 (Piso.
1299 3589 1354 3675 26)

242 3708 343 3791 redeo,
367 3709 424 3773 ubi
447 3709 611 3775 Lucienus
635 3730 787 3794 magnum
813 3708 1018 3789 βλασφημιῶν
1041 3731 1210 3776 numerum
1233 3715 1267 3778 in
1291 3733 1357 3778 om-

242 3851 298 3897 nes
321 3835 525 3920 philosophos
548 3835 577 3907 ἐς
602 3834 691 3914 παχὺ
715 3833 831 3912 βιβλίον
851 3834 1002 3916 ἐγγράψαι
1023 3843 1197 3903 accusatur.
1216 3838 1302 3904 Num
1315 3842 1356 3906 ad

243 3959 329 4024 aliud
352 3979 431 4045 opus
455 3963 513 4025 hoc
535 3963 638 4046 aptius
658 3965 817 4047 pertinere
839 3969 999 4046 putemus,
1020 3983 1115 4046 quam
1136 3964 1175 4027 ad
1195 3964 1356 4050 dialogum

242 4085 484 4171 Hermotimum,
519 4091 575 4172 qui
610 4088 732 4153 ambitu
767 4093 797 4153 et
827 4091 954 4173 copiosa
977 4093 1251 4173 argumentatione
1274 4094 1357 4159 inter

242 4211 318 4276 alias
353 4215 464 4278 satiras
499 4214 648 4279 excellit?
681 4215 746 4294 (cfr.
777 4213 920 4280 Hermot.
948 4217 990 4279 85
1015 4215 1053 4279 de
1075 4215 1272 4302 philosophis
1294 4221 1352 4284 im-

241 4341 411 4422 pugnatis).
445 4339 506 4404 Cui
535 4341 743 4424 conjecturae,
773 4341 859 4424 quod
890 4341 930 4406 ad
959 4339 1033 4404 libri
1062 4345 1189 4426 tempus
1211 4347 1355 4431 pertinet,
