<?xml version="1.0" encoding="UTF-8"?>
<!DOCTYPE html PUBLIC "-//W3C//DTD XHTML 1.0 Transitional//EN"
    "http://www.w3.org/TR/xhtml1/DTD/xhtml1-transitional.dtd">
<html xmlns="http://www.w3.org/1999/xhtml" xml:lang="en" lang="en">
 <head>
  <title>
</title>
<meta http-equiv="Content-Type" content="text/html;charset=utf-8" />
  <meta name='ocr-system' content='tesseract 3.04.00' />
  <meta name='ocr-capabilities' content='ocr_page ocr_carea ocr_par ocr_line ocrx_word'/>
</head>
<body>
  <div class='ocr_page' id='page_1' title='image "./studialucianea00boldgoog_0105.png"; bbox 0 0 3328 5234; ppageno 0'>
   <div class='ocr_carea' id='block_1_1' title="bbox 829 596 872 657">
    <p class='ocr_par' dir='ltr' id='par_1_1' title="bbox 829 596 872 657">
     <span class='ocr_line' id='line_1_1' title="bbox 829 596 872 657; baseline -0.023 0"><span class='ocrx_word' id='word_1_1' title='bbox 829 596 872 657; x_wconf 84' lang='grc'>84</span> 
     </span>
    </p>
   </div>
   <div class='ocr_carea' id='block_1_2' title="bbox 294 802 1413 2774">
    <p class='ocr_par' dir='ltr' id='par_1_2' title="bbox 294 802 1413 2774">
     <span class='ocr_line' id='line_1_2' title="bbox 294 802 1406 892; baseline -0.002 -20"><span class='ocrx_word' id='word_1_2' title='bbox 294 807 411 892; x_wconf 90' lang='lat' dir='ltr'>nippo&#39;’</span> <span class='ocrx_word' id='word_1_3' title='bbox 441 809 505 888; x_wconf 90' lang='grc'>(21)</span> <span class='ocrx_word' id='word_1_4' title='bbox 529 813 559 871; x_wconf 92' lang='lat' dir='ltr'>et</span> <span class='ocrx_word' id='word_1_5' title='bbox 578 809 668 889; x_wconf 87' lang='lat' dir='ltr'>jocos</span> <span class='ocrx_word' id='word_1_6' title='bbox 691 806 725 868; x_wconf 91' lang='lat' dir='ltr'>in</span> <span class='ocrx_word' id='word_1_7' title='bbox 750 802 893 888; x_wconf 87' lang='lat' dir='ltr'>Dialogis</span> <span class='ocrx_word' id='word_1_8' title='bbox 918 802 1129 886; x_wconf 86' lang='lat' dir='ltr'>Mortuerum,</span> <span class='ocrx_word' id='word_1_9' title='bbox 1151 808 1282 869; x_wconf 89' lang='lat' dir='ltr'>tertium</span> <span class='ocrx_word' id='word_1_10' title='bbox 1308 808 1406 871; x_wconf 90' lang='lat' dir='ltr'>docu-</span> 
     </span>
     <span class='ocr_line' id='line_1_3' title="bbox 296 927 1408 1019; baseline 0.001 -21"><span class='ocrx_word' id='word_1_11' title='bbox 296 940 442 998; x_wconf 79' lang='lat' dir='ltr'><strong>mentum</strong></span> <span class='ocrx_word' id='word_1_12' title='bbox 473 936 507 997; x_wconf 90' lang='lat' dir='ltr'>in</span> <span class='ocrx_word' id='word_1_13' title='bbox 536 932 725 996; x_wconf 70' lang='lat' dir='ltr'><em>Hermotimo</em></span> <span class='ocrx_word' id='word_1_14' title='bbox 748 927 764 1003; x_wconf 77' lang='grc' dir='ltr'>ἢ</span> <span class='ocrx_word' id='word_1_15' title='bbox 789 927 874 1009; x_wconf 76' lang='grc' dir='ltr'><em>περὶ</em></span> <span class='ocrx_word' id='word_1_16' title='bbox 899 927 1078 1007; x_wconf 72' lang='grc' dir='ltr'>αἱρέσεων</span> <span class='ocrx_word' id='word_1_17' title='bbox 1101 931 1296 1016; x_wconf 80' lang='lat' dir='ltr'>invenimus,</span> <span class='ocrx_word' id='word_1_18' title='bbox 1321 935 1408 1019; x_wconf 92' lang='lat' dir='ltr'>quod</span> 
     </span>
     <span class='ocr_line' id='line_1_4' title="bbox 295 1054 1406 1143; baseline -0.004 -17"><span class='ocrx_word' id='word_1_19' title='bbox 295 1061 473 1126; x_wconf 84' lang='lat' dir='ltr'>Lucienum</span> <span class='ocrx_word' id='word_1_20' title='bbox 506 1061 540 1123; x_wconf 89' lang='lat' dir='ltr'>in</span> <span class='ocrx_word' id='word_1_21' title='bbox 571 1059 768 1143; x_wconf 84' lang='lat' dir='ltr'>philosophia</span> <span class='ocrx_word' id='word_1_22' title='bbox 792 1056 1025 1119; x_wconf 90' lang='lat' dir='ltr'>contemnenda</span> <span class='ocrx_word' id='word_1_23' title='bbox 1048 1054 1190 1141; x_wconf 88' lang='lat' dir='ltr'>Menippi</span> <span class='ocrx_word' id='word_1_24' title='bbox 1214 1059 1406 1143; x_wconf 88' lang='lat' dir='ltr'>discipulum</span> 
     </span>
     <span class='ocr_line' id='line_1_5' title="bbox 294 1181 1408 1271; baseline -0.002 -21"><span class='ocrx_word' id='word_1_25' title='bbox 294 1187 393 1251; x_wconf 91' lang='lat' dir='ltr'>fuisse</span> <span class='ocrx_word' id='word_1_26' title='bbox 416 1186 534 1271; x_wconf 89' lang='lat' dir='ltr'>probat.</span> <span class='ocrx_word' id='word_1_27' title='bbox 560 1184 664 1248; x_wconf 86' lang='lat' dir='ltr'>Etiam</span> <span class='ocrx_word' id='word_1_28' title='bbox 691 1185 718 1248; x_wconf 91' lang='lat' dir='ltr'>si</span> <span class='ocrx_word' id='word_1_29' title='bbox 739 1182 824 1245; x_wconf 90' lang='lat' dir='ltr'>tituli</span> <span class='ocrx_word' id='word_1_30' title='bbox 844 1182 1000 1244; x_wconf 87' lang='lat' dir='ltr'>librorum</span> <span class='ocrx_word' id='word_1_31' title='bbox 1021 1182 1117 1265; x_wconf 87' lang='lat' dir='ltr'>(apud</span> <span class='ocrx_word' id='word_1_32' title='bbox 1129 1181 1306 1248; x_wconf 88' lang='lat' dir='ltr'>Varronem</span> <span class='ocrx_word' id='word_1_33' title='bbox 1322 1187 1408 1249; x_wconf 88' lang='lat' dir='ltr'>enim</span> 
     </span>
     <span class='ocr_line' id='line_1_6' title="bbox 294 1311 1409 1395; baseline 0 -20"><span class='ocrx_word' id='word_1_34' title='bbox 294 1314 380 1377; x_wconf 92' lang='lat' dir='ltr'>idem</span> <span class='ocrx_word' id='word_1_35' title='bbox 424 1331 540 1375; x_wconf 91' lang='lat' dir='ltr'>nomen</span> <span class='ocrx_word' id='word_1_36' title='bbox 579 1311 790 1394; x_wconf 78' lang='lat' dir='ltr'>repperimus)</span> <span class='ocrx_word' id='word_1_37' title='bbox 827 1327 892 1370; x_wconf 90' lang='lat' dir='ltr'>non</span> <span class='ocrx_word' id='word_1_38' title='bbox 927 1314 1147 1393; x_wconf 76' lang='lat' dir='ltr'>congruerent,</span> <span class='ocrx_word' id='word_1_39' title='bbox 1183 1329 1287 1394; x_wconf 89' lang='lat' dir='ltr'>neque</span> <span class='ocrx_word' id='word_1_40' title='bbox 1323 1312 1409 1395; x_wconf 91' lang='lat' dir='ltr'>apud</span> 
     </span>
     <span class='ocr_line' id='line_1_7' title="bbox 297 1431 1411 1520; baseline -0.001 -20"><span class='ocrx_word' id='word_1_41' title='bbox 297 1444 471 1520; x_wconf 80' lang='lat' dir='ltr'>utrumque</span> <span class='ocrx_word' id='word_1_42' title='bbox 503 1436 541 1499; x_wconf 93' lang='lat' dir='ltr'>de</span> <span class='ocrx_word' id='word_1_43' title='bbox 572 1436 632 1499; x_wconf 89' lang='lat' dir='ltr'>viis</span> <span class='ocrx_word' id='word_1_44' title='bbox 664 1455 682 1497; x_wconf 91' lang='lat' dir='ltr'>a</span> <span class='ocrx_word' id='word_1_45' title='bbox 704 1433 920 1517; x_wconf 89' lang='lat' dir='ltr'>philosophiae</span> <span class='ocrx_word' id='word_1_46' title='bbox 944 1431 1080 1496; x_wconf 88' lang='lat' dir='ltr'>ducibus</span> <span class='ocrx_word' id='word_1_47' title='bbox 1103 1434 1266 1517; x_wconf 82' lang='lat' dir='ltr'>patefactis</span> <span class='ocrx_word' id='word_1_48' title='bbox 1291 1438 1411 1500; x_wconf 88' lang='lat' dir='ltr'>mentio</span> 
     </span>
     <span class='ocr_line' id='line_1_8' title="bbox 297 1559 1411 1646; baseline -0.002 -18"><span class='ocrx_word' id='word_1_49' title='bbox 297 1569 380 1628; x_wconf 90' lang='lat' dir='ltr'>esset</span> <span class='ocrx_word' id='word_1_50' title='bbox 402 1562 503 1642; x_wconf 83' lang='lat' dir='ltr'>(Varr.</span> <span class='ocrx_word' id='word_1_51' title='bbox 527 1561 562 1624; x_wconf 85' lang='lat' dir='ltr'>ir.</span> <span class='ocrx_word' id='word_1_52' title='bbox 587 1560 651 1624; x_wconf 88' lang='grc'>402</span> <span class='ocrx_word' id='word_1_53' title='bbox 679 1579 791 1643; x_wconf 89' lang='lat' dir='ltr'>,porro</span> <span class='ocrx_word' id='word_1_54' title='bbox 815 1559 891 1623; x_wconf 91' lang='lat' dir='ltr'>inde</span> <span class='ocrx_word' id='word_1_55' title='bbox 915 1559 954 1622; x_wconf 92' lang='lat' dir='ltr'>ab</span> <span class='ocrx_word' id='word_1_56' title='bbox 980 1579 1174 1644; x_wconf 90' lang='lat' dir='ltr'>unoquoque</span> <span class='ocrx_word' id='word_1_57' title='bbox 1198 1564 1336 1646; x_wconf 89' lang='lat' dir='ltr'>compito</span> <span class='ocrx_word' id='word_1_58' title='bbox 1349 1569 1411 1627; x_wconf 90' lang='lat' dir='ltr'>ter·</span> 
     </span>
     <span class='ocr_line' id='line_1_9' title="bbox 297 1684 1412 1770; baseline -0.002 -18"><span class='ocrx_word' id='word_1_59' title='bbox 297 1709 356 1753; x_wconf 92' lang='lat' dir='ltr'>nae</span> <span class='ocrx_word' id='word_1_60' title='bbox 381 1690 450 1752; x_wconf 89' lang='lat' dir='ltr'>viae</span> <span class='ocrx_word' id='word_1_61' title='bbox 473 1690 630 1770; x_wconf 89' lang='lat' dir='ltr'>oriuntur,</span> <span class='ocrx_word' id='word_1_62' title='bbox 655 1705 671 1750; x_wconf 93' lang='lat' dir='ltr'>e</span> <span class='ocrx_word' id='word_1_63' title='bbox 696 1686 813 1769; x_wconf 89' lang='lat' dir='ltr'>quibus</span> <span class='ocrx_word' id='word_1_64' title='bbox 838 1684 983 1770; x_wconf 87' lang='lat' dir='ltr'>singulae</span> <span class='ocrx_word' id='word_1_65' title='bbox 1002 1688 1126 1749; x_wconf 83' lang='lat' dir='ltr'>exitum</span> <span class='ocrx_word' id='word_1_66' title='bbox 1149 1707 1186 1750; x_wconf 91' lang='lat' dir='ltr'>ac</span> <span class='ocrx_word' id='word_1_67' title='bbox 1198 1685 1281 1758; x_wconf 79' lang='grc' dir='ltr'><em>τέλος</em></span> <span class='ocrx_word' id='word_1_68' title='bbox 1294 1687 1412 1752; x_wconf 90' lang='lat' dir='ltr'>habent</span> 
     </span>
     <span class='ocr_line' id='line_1_10' title="bbox 296 1812 1411 1899; baseline 0 -21"><span class='ocrx_word' id='word_1_69' title='bbox 296 1817 471 1899; x_wconf 89' lang='lat' dir='ltr'>proprium.</span> <span class='ocrx_word' id='word_1_70' title='bbox 490 1814 521 1876; x_wconf 91' lang='lat' dir='ltr'><strong>A</strong></span> <span class='ocrx_word' id='word_1_71' title='bbox 540 1815 644 1897; x_wconf 90' lang='lat' dir='ltr'>primo</span> <span class='ocrx_word' id='word_1_72' title='bbox 657 1814 796 1896; x_wconf 89' lang='lat' dir='ltr'>compito</span> <span class='ocrx_word' id='word_1_73' title='bbox 810 1812 987 1876; x_wconf 84' lang='lat' dir='ltr'>dextimam</span> <span class='ocrx_word' id='word_1_74' title='bbox 1001 1815 1086 1876; x_wconf 87' lang='lat' dir='ltr'>viam</span> <span class='ocrx_word' id='word_1_75' title='bbox 1104 1815 1210 1877; x_wconf 91' lang='lat' dir='ltr'>munit</span> <span class='ocrx_word' id='word_1_76' title='bbox 1221 1813 1411 1898; x_wconf 82' lang='lat' dir='ltr'>Epicurus.&#39;&#39;</span> 
     </span>
     <span class='ocr_line' id='line_1_11' title="bbox 298 1937 1411 2024; baseline -0.001 -21"><span class='ocrx_word' id='word_1_77' title='bbox 298 1939 358 2003; x_wconf 80' lang='lat' dir='ltr'>afr.</span> <span class='ocrx_word' id='word_1_78' title='bbox 393 1938 538 2003; x_wconf 88' lang='lat' dir='ltr'>Hermot.</span> <span class='ocrx_word' id='word_1_79' title='bbox 575 1940 626 2020; x_wconf 84' lang='lat'>25,</span> <span class='ocrx_word' id='word_1_80' title='bbox 661 1937 711 2020; x_wconf 90' lang='grc'>26,</span> <span class='ocrx_word' id='word_1_81' title='bbox 744 1938 795 2017; x_wconf 81' lang='grc'>27,</span> <span class='ocrx_word' id='word_1_82' title='bbox 827 1938 878 2019; x_wconf 81' lang='grc'>46,</span> <span class='ocrx_word' id='word_1_83' title='bbox 912 1938 963 2017; x_wconf 79' lang='grc'>73)</span> <span class='ocrx_word' id='word_1_84' title='bbox 986 1941 1090 2001; x_wconf 92' lang='lat' dir='ltr'>totum</span> <span class='ocrx_word' id='word_1_85' title='bbox 1115 1938 1186 2001; x_wconf 92' lang='lat' dir='ltr'>libri</span> <span class='ocrx_word' id='word_1_86' title='bbox 1211 1943 1411 2024; x_wconf 90' lang='lat' dir='ltr'>propositum</span> 
     </span>
     <span class='ocr_line' id='line_1_12' title="bbox 298 2062 1413 2150; baseline -0.001 -21"><span class='ocrx_word' id='word_1_87' title='bbox 298 2063 454 2146; x_wconf 83' lang='lat' dir='ltr'>Cynicam</span> <span class='ocrx_word' id='word_1_88' title='bbox 488 2064 642 2148; x_wconf 85' lang='lat' dir='ltr'>originem</span> <span class='ocrx_word' id='word_1_89' title='bbox 677 2064 836 2127; x_wconf 87' lang='lat' dir='ltr'>clamaret.</span> <span class='ocrx_word' id='word_1_90' title='bbox 869 2062 951 2126; x_wconf 87' lang='lat' dir='ltr'>Nam</span> <span class='ocrx_word' id='word_1_91' title='bbox 977 2065 1124 2127; x_wconf 89' lang='lat' dir='ltr'>omnium</span> <span class='ocrx_word' id='word_1_92' title='bbox 1151 2070 1307 2129; x_wconf 89' lang='lat' dir='ltr'>sectarum</span> <span class='ocrx_word' id='word_1_93' title='bbox 1332 2067 1413 2150; x_wconf 91' lang='lat' dir='ltr'>phy-</span> 
     </span>
     <span class='ocr_line' id='line_1_13' title="bbox 298 2188 1412 2274; baseline 0 -20"><span class='ocrx_word' id='word_1_94' title='bbox 298 2192 363 2254; x_wconf 86' lang='lat' dir='ltr'>sica</span> <span class='ocrx_word' id='word_1_95' title='bbox 394 2194 424 2253; x_wconf 89' lang='lat' dir='ltr'>et</span> <span class='ocrx_word' id='word_1_96' title='bbox 454 2189 556 2273; x_wconf 89' lang='lat' dir='ltr'>logica</span> <span class='ocrx_word' id='word_1_97' title='bbox 587 2188 730 2251; x_wconf 89' lang='lat' dir='ltr'>doctrina</span> <span class='ocrx_word' id='word_1_98' title='bbox 761 2189 984 2270; x_wconf 81' lang='lat' dir='ltr'>contemnitur,</span> <span class='ocrx_word' id='word_1_99' title='bbox 1004 2189 1145 2272; x_wconf 82' lang='lat' dir='ltr'>probitas</span> <span class='ocrx_word' id='word_1_100' title='bbox 1168 2209 1253 2273; x_wconf 87' lang='lat' dir='ltr'>vero,</span> <span class='ocrx_word' id='word_1_101' title='bbox 1279 2210 1360 2274; x_wconf 91' lang='lat' dir='ltr'>quae</span> <span class='ocrx_word' id='word_1_102' title='bbox 1382 2191 1412 2254; x_wconf 87' lang='grc' dir='ltr'>έν</span> 
     </span>
     <span class='ocr_line' id='line_1_14' title="bbox 298 2311 1413 2399; baseline 0.002 -21"><span class='ocrx_word' id='word_1_103' title='bbox 298 2315 337 2395; x_wconf 77' lang='grc' dir='ltr'>τῷ</span> <span class='ocrx_word' id='word_1_104' title='bbox 373 2313 471 2379; x_wconf 77' lang='grc' dir='ltr'><em>δίκαιον</em></span> <span class='ocrx_word' id='word_1_105' title='bbox 505 2312 555 2377; x_wconf 75' lang='grc' dir='ltr'>καὶ</span> <span class='ocrx_word' id='word_1_106' title='bbox 591 2312 673 2393; x_wconf 70' lang='grc' dir='ltr'><em>σοφοὶ</em></span> <span class='ocrx_word' id='word_1_107' title='bbox 707 2311 757 2375; x_wconf 74' lang='grc' dir='ltr'>καὶ</span> <span class='ocrx_word' id='word_1_108' title='bbox 795 2312 913 2393; x_wconf 77' lang='grc' dir='ltr'><em>οὶνδρεῖα</em></span> <span class='ocrx_word' id='word_1_109' title='bbox 945 2311 1080 2393; x_wconf 82' lang='grc' dir='ltr'><em>προέττειν</em></span> <span class='ocrx_word' id='word_1_110' title='bbox 1111 2335 1145 2379; x_wconf 90' lang='lat' dir='ltr'>se</span> <span class='ocrx_word' id='word_1_111' title='bbox 1176 2317 1322 2399; x_wconf 89' lang='lat' dir='ltr'>ostendit,</span> <span class='ocrx_word' id='word_1_112' title='bbox 1345 2316 1413 2381; x_wconf 90' lang='lat' dir='ltr'>sola</span> 
     </span>
     <span class='ocr_line' id='line_1_15' title="bbox 297 2441 1413 2526; baseline 0.001 -21"><span class='ocrx_word' id='word_1_113' title='bbox 297 2442 455 2523; x_wconf 88' lang='lat' dir='ltr'>laudatur,</span> <span class='ocrx_word' id='word_1_114' title='bbox 475 2443 528 2523; x_wconf 81' lang='grc'>(79</span> <span class='ocrx_word' id='word_1_115' title='bbox 553 2447 583 2505; x_wconf 89' lang='lat' dir='ltr'>et</span> <span class='ocrx_word' id='word_1_116' title='bbox 606 2443 659 2521; x_wconf 82' lang='grc'>83)</span> <span class='ocrx_word' id='word_1_117' title='bbox 681 2459 818 2523; x_wconf 91' lang='lat' dir='ltr'>quocum</span> <span class='ocrx_word' id='word_1_118' title='bbox 841 2442 964 2524; x_wconf 88' lang='lat' dir='ltr'>optime</span> <span class='ocrx_word' id='word_1_119' title='bbox 986 2442 1143 2524; x_wconf 89' lang='lat' dir='ltr'>convenit,</span> <span class='ocrx_word' id='word_1_120' title='bbox 1157 2442 1241 2525; x_wconf 93' lang='lat' dir='ltr'>quod</span> <span class='ocrx_word' id='word_1_121' title='bbox 1254 2441 1413 2526; x_wconf 90' lang='lat' dir='ltr'>Diogenes</span> 
     </span>
     <span class='ocr_line' id='line_1_16' title="bbox 298 2560 1413 2648; baseline 0.002 -17"><span class='ocrx_word' id='word_1_122' title='bbox 298 2567 442 2633; x_wconf 86' lang='lat' dir='ltr'>Laertius</span> <span class='ocrx_word' id='word_1_123' title='bbox 477 2567 532 2630; x_wconf 83' lang='lat' dir='ltr'>VI.</span> <span class='ocrx_word' id='word_1_124' title='bbox 571 2567 631 2630; x_wconf 89' lang='grc'>103</span> <span class='ocrx_word' id='word_1_125' title='bbox 667 2567 706 2631; x_wconf 85' lang='lat' dir='ltr'>de</span> <span class='ocrx_word' id='word_1_126' title='bbox 741 2566 869 2648; x_wconf 81' lang='lat' dir='ltr'>Cynicis</span> <span class='ocrx_word' id='word_1_127' title='bbox 899 2567 1010 2630; x_wconf 85' lang='lat' dir='ltr'>tradit:</span> <span class='ocrx_word' id='word_1_128' title='bbox 1035 2566 1153 2645; x_wconf 76' lang='grc' dir='ltr'><em>οὶρεσκεῖ</em></span> <span class='ocrx_word' id='word_1_129' title='bbox 1173 2560 1218 2631; x_wconf 78' lang='grc' dir='ltr'>οὖν</span> <span class='ocrx_word' id='word_1_130' title='bbox 1242 2569 1344 2640; x_wconf 80' lang='grc' dir='ltr'><em>αὐτοῖς</em></span> <span class='ocrx_word' id='word_1_131' title='bbox 1364 2569 1413 2633; x_wconf 79' lang='grc' dir='ltr'>τὸν</span> 
     </span>
     <span class='ocr_line' id='line_1_17' title="bbox 297 2690 1409 2774; baseline -0.001 -16"><span class='ocrx_word' id='word_1_132' title='bbox 297 2695 411 2773; x_wconf 68' lang='grc' dir='ltr'><em>λογικὸν</em></span> <span class='ocrx_word' id='word_1_133' title='bbox 446 2693 494 2756; x_wconf 74' lang='grc' dir='ltr'>καὶ</span> <span class='ocrx_word' id='word_1_134' title='bbox 529 2693 576 2756; x_wconf 81' lang='grc' dir='ltr'>τὸν</span> <span class='ocrx_word' id='word_1_135' title='bbox 611 2693 731 2772; x_wconf 76' lang='grc' dir='ltr'><em>Φυσικὸν</em></span> <span class='ocrx_word' id='word_1_136' title='bbox 765 2698 850 2755; x_wconf 80' lang='grc' dir='ltr'><strong><em>τόπον</em></strong></span> <span class='ocrx_word' id='word_1_137' title='bbox 884 2698 1042 2771; x_wconf 80' lang='grc' dir='ltr'><em>περιαιρεῖν,</em></span> <span class='ocrx_word' id='word_1_138' title='bbox 1079 2690 1156 2773; x_wconf 80' lang='grc' dir='ltr'><em>μένῳ</em></span> <span class='ocrx_word' id='word_1_139' title='bbox 1191 2693 1222 2756; x_wconf 75' lang='grc' dir='ltr'>δέ</span> <span class='ocrx_word' id='word_1_140' title='bbox 1257 2693 1409 2774; x_wconf 76' lang='grc' dir='ltr'><em>προσέχειν</em></span> 
     </span>
    </p>
   </div>
   <div class='ocr_carea' id='block_1_3' title="bbox 299 2820 465 2937">
    <p class='ocr_par' dir='ltr' id='par_1_3' title="bbox 299 2820 465 2937">
     <span class='ocr_line' id='line_1_18' title="bbox 299 2820 465 2937; baseline -0.006 -53"><span class='ocrx_word' id='word_1_141' title='bbox 299 2821 339 2900; x_wconf 80' lang='grc' dir='ltr'>τῷ</span> <span class='ocrx_word' id='word_1_142' title='bbox 362 2820 465 2937; x_wconf 74' lang='grc' dir='ltr'>ἠθικῷ.Ι</span> 
     </span>
    </p>
   </div>
   <div class='ocr_carea' id='block_1_4' title="bbox 343 2942 1412 3027">
    <p class='ocr_par' dir='ltr' id='par_1_4' title="bbox 343 2942 1412 3027">
     <span class='ocr_line' id='line_1_19' title="bbox 343 2942 1412 3027; baseline -0.003 -17"><span class='ocrx_word' id='word_1_143' title='bbox 343 2946 488 3010; x_wconf 77' lang='lat' dir='ltr'>Fortasse</span> <span class='ocrx_word' id='word_1_144' title='bbox 512 2964 553 3009; x_wconf 82' lang='lat' dir='ltr'>ex</span> <span class='ocrx_word' id='word_1_145' title='bbox 576 2945 634 3008; x_wconf 90' lang='lat' dir='ltr'>hac</span> <span class='ocrx_word' id='word_1_146' title='bbox 658 2942 854 3024; x_wconf 84' lang='lat' dir='ltr'>Cynicorum</span> <span class='ocrx_word' id='word_1_147' title='bbox 882 2944 1029 3027; x_wconf 92' lang='lat' dir='ltr'>opinione</span> <span class='ocrx_word' id='word_1_148' title='bbox 1054 2944 1206 3027; x_wconf 84' lang='lat' dir='ltr'>explicari</span> <span class='ocrx_word' id='word_1_149' title='bbox 1231 2945 1322 3009; x_wconf 89' lang='lat' dir='ltr'>debet</span> <span class='ocrx_word' id='word_1_150' title='bbox 1343 2964 1412 3010; x_wconf 89' lang='lat' dir='ltr'>ver-</span> 
     </span>
    </p>
   </div>
   <div class='ocr_carea' id='block_1_5' title="bbox 248 3067 1417 4418">
    <p class='ocr_par' dir='ltr' id='par_1_5' title="bbox 248 3067 1417 4418">
     <span class='ocr_line' id='line_1_20' title="bbox 299 3067 1414 3154; baseline -0.003 -19"><span class='ocrx_word' id='word_1_151' title='bbox 299 3073 412 3136; x_wconf 88' lang='lat' dir='ltr'>borum</span> <span class='ocrx_word' id='word_1_152' title='bbox 438 3071 656 3154; x_wconf 87' lang='lat' dir='ltr'>discrepantia,</span> <span class='ocrx_word' id='word_1_153' title='bbox 681 3087 764 3152; x_wconf 89' lang='lat' dir='ltr'>quae</span> <span class='ocrx_word' id='word_1_154' title='bbox 786 3071 820 3131; x_wconf 92' lang='lat' dir='ltr'>in</span> <span class='ocrx_word' id='word_1_155' title='bbox 844 3074 952 3131; x_wconf 90' lang='lat' dir='ltr'>nostro</span> <span class='ocrx_word' id='word_1_156' title='bbox 976 3067 1100 3152; x_wconf 89' lang='lat' dir='ltr'>dialogo</span> <span class='ocrx_word' id='word_1_157' title='bbox 1124 3088 1255 3152; x_wconf 89' lang='lat' dir='ltr'>regnare</span> <span class='ocrx_word' id='word_1_158' title='bbox 1279 3070 1414 3146; x_wconf 70' lang='lat' dir='ltr'>videtur,</span> 
     </span>
     <span class='ocr_line' id='line_1_21' title="bbox 298 3194 1412 3278; baseline -0.003 -17"><span class='ocrx_word' id='word_1_159' title='bbox 298 3198 381 3262; x_wconf 88' lang='lat' dir='ltr'>Nam</span> <span class='ocrx_word' id='word_1_160' title='bbox 418 3198 478 3261; x_wconf 90' lang='lat' dir='ltr'>etsi</span> <span class='ocrx_word' id='word_1_161' title='bbox 511 3194 654 3259; x_wconf 79' lang='lat' dir='ltr'>lucinus</span> <span class='ocrx_word' id='word_1_162' title='bbox 690 3197 856 3259; x_wconf 85' lang='lat' dir='ltr'>veritatem</span> <span class='ocrx_word' id='word_1_163' title='bbox 893 3194 1143 3278; x_wconf 88' lang='lat' dir='ltr'>philosophicam</span> <span class='ocrx_word' id='word_1_164' title='bbox 1180 3196 1261 3271; x_wconf 71' lang='grc' dir='ltr'><em>μετὰ</em></span> <span class='ocrx_word' id='word_1_165' title='bbox 1295 3194 1412 3259; x_wconf 79' lang='grc' dir='ltr'><em>πέντον</em></span> 
     </span>
     <span class='ocr_line' id='line_1_22' title="bbox 299 3318 1415 3403; baseline -0.001 -18"><span class='ocrx_word' id='word_1_166' title='bbox 299 3323 401 3399; x_wconf 62' lang='lat' dir='ltr'>cirrosi</span> <span class='ocrx_word' id='word_1_167' title='bbox 431 3324 496 3403; x_wconf 85' lang='grc'>(53)</span> <span class='ocrx_word' id='word_1_168' title='bbox 531 3326 561 3384; x_wconf 87' lang='lat' dir='ltr'>et</span> <span class='ocrx_word' id='word_1_169' title='bbox 597 3320 734 3384; x_wconf 88' lang='lat' dir='ltr'>declarat</span> <span class='ocrx_word' id='word_1_170' title='bbox 769 3318 834 3389; x_wconf 75' lang='grc' dir='ltr'><em>τοὺς</em></span> <span class='ocrx_word' id='word_1_171' title='bbox 870 3323 1120 3400; x_wconf 77' lang='grc' dir='ltr'><em>Φιλοσοφοῦντας’</em></span> <span class='ocrx_word' id='word_1_172' title='bbox 1142 3318 1205 3400; x_wconf 76' lang='grc' dir='ltr'><em>περὶ</em></span> <span class='ocrx_word' id='word_1_173' title='bbox 1237 3318 1298 3384; x_wconf 83' lang='grc' dir='ltr'><em>ένον</em></span> <span class='ocrx_word' id='word_1_174' title='bbox 1330 3323 1415 3393; x_wconf 67' lang='grc' dir='ltr'><em>σκιαῖς</em></span> 
     </span>
     <span class='ocr_line' id='line_1_23' title="bbox 300 3443 1416 3529; baseline -0.002 -17"><span class='ocrx_word' id='word_1_175' title='bbox 300 3447 452 3527; x_wconf 78' lang='grc' dir='ltr'><em>μαχεσέαι</em></span> <span class='ocrx_word' id='word_1_176' title='bbox 487 3448 552 3529; x_wconf 84' lang='grc'>(71)</span> <span class='ocrx_word' id='word_1_177' title='bbox 588 3451 682 3529; x_wconf 89' lang='lat' dir='ltr'>atque</span> <span class='ocrx_word' id='word_1_178' title='bbox 718 3445 942 3510; x_wconf 87' lang='lat' dir='ltr'>Hermotimus</span> <span class='ocrx_word' id='word_1_179' title='bbox 977 3446 1055 3511; x_wconf 86' lang='lat' dir='ltr'>dicit</span> <span class='ocrx_word' id='word_1_180' title='bbox 1084 3443 1236 3526; x_wconf 75' lang='grc' dir='ltr'><em>Φιλοσέφῳ</em></span> <span class='ocrx_word' id='word_1_181' title='bbox 1275 3446 1306 3510; x_wconf 76' lang='grc' dir='ltr'>δέ</span> <span class='ocrx_word' id='word_1_182' title='bbox 1329 3448 1359 3518; x_wconf 81' lang='grc' dir='ltr'>ἐς</span> <span class='ocrx_word' id='word_1_183' title='bbox 1382 3448 1416 3510; x_wconf 82' lang='grc' dir='ltr'>τὸ</span> 
     </span>
     <span class='ocr_line' id='line_1_24' title="bbox 300 3569 1415 3653; baseline -0.001 -16"><span class='ocrx_word' id='word_1_184' title='bbox 300 3575 396 3638; x_wconf 77' lang='grc' dir='ltr'><em>λοιπὸν</em></span> <span class='ocrx_word' id='word_1_185' title='bbox 431 3572 485 3637; x_wconf 70' lang='grc' dir='ltr'>κέν</span> <span class='ocrx_word' id='word_1_186' title='bbox 510 3570 587 3636; x_wconf 71' lang='lat' dir='ltr'>cisoa</span> <span class='ocrx_word' id='word_1_187' title='bbox 610 3594 680 3635; x_wconf 92' lang='grc' dir='ltr'><em>ποτε</em></span> <span class='ocrx_word' id='word_1_188' title='bbox 702 3572 754 3651; x_wconf 78' lang='grc' dir='ltr'>ὁδῷ</span> <span class='ocrx_word' id='word_1_189' title='bbox 779 3570 908 3651; x_wconf 76' lang='grc' dir='ltr'><em>βαδίζων</em></span> <span class='ocrx_word' id='word_1_190' title='bbox 932 3570 1055 3650; x_wconf 81' lang='grc' dir='ltr'>ἐντύχω,</span> <span class='ocrx_word' id='word_1_191' title='bbox 1081 3569 1168 3644; x_wconf 79' lang='grc' dir='ltr'><em>οὕτως</em></span> <span class='ocrx_word' id='word_1_192' title='bbox 1193 3571 1415 3653; x_wconf 69' lang='grc' dir='ltr'>ἐκτραπήσομαι</span> 
     </span>
     <span class='ocr_line' id='line_1_25' title="bbox 300 3697 1414 3782; baseline -0.002 -17"><span class='ocrx_word' id='word_1_193' title='bbox 300 3699 351 3765; x_wconf 74' lang='grc' dir='ltr'>καὶ</span> <span class='ocrx_word' id='word_1_194' title='bbox 384 3699 593 3782; x_wconf 77' lang='grc' dir='ltr'><em>περιστήσομαι</em></span> <span class='ocrx_word' id='word_1_195' title='bbox 618 3697 709 3780; x_wconf 73' lang='grc' dir='ltr'><em>ὥσπερ</em></span> <span class='ocrx_word' id='word_1_196' title='bbox 733 3698 799 3770; x_wconf 84' lang='grc' dir='ltr'><em>τοὺς</em></span> <span class='ocrx_word' id='word_1_197' title='bbox 823 3701 990 3769; x_wconf 80' lang='grc' dir='ltr'><em>λυττῶντας</em></span> <span class='ocrx_word' id='word_1_198' title='bbox 1015 3701 1071 3761; x_wconf 77' lang='grc' dir='ltr'>τῶν</span> <span class='ocrx_word' id='word_1_199' title='bbox 1094 3702 1183 3761; x_wconf 81' lang='grc' dir='ltr'><em>κυνῶν</em></span> <span class='ocrx_word' id='word_1_200' title='bbox 1206 3699 1282 3782; x_wconf 92' lang='grc'>(86),</span> <span class='ocrx_word' id='word_1_201' title='bbox 1305 3705 1414 3764; x_wconf 83' lang='lat' dir='ltr'>tamen</span> 
     </span>
     <span class='ocr_line' id='line_1_26' title="bbox 248 3822 1417 3924; baseline -0.003 -33"><span class='ocrx_word' id='word_1_202' title='bbox 248 3908 257 3924; x_wconf 40' lang='grc'>,</span> <span class='ocrx_word' id='word_1_203' title='bbox 299 3829 437 3911; x_wconf 89' lang='lat' dir='ltr'>legimus</span> <span class='ocrx_word' id='word_1_204' title='bbox 473 3825 569 3890; x_wconf 87' lang='lat' dir='ltr'>verba</span> <span class='ocrx_word' id='word_1_205' title='bbox 602 3826 659 3902; x_wconf 77' lang='grc' dir='ltr'>ἐγὼ</span> <span class='ocrx_word' id='word_1_206' title='bbox 694 3825 750 3905; x_wconf 74' lang='grc' dir='ltr'>γαρ</span> <span class='ocrx_word' id='word_1_207' title='bbox 782 3825 840 3903; x_wconf 80' lang='grc' dir='ltr'>οὐχ</span> <span class='ocrx_word' id='word_1_208' title='bbox 870 3825 907 3894; x_wconf 73' lang='grc' dir='ltr'>ὡς</span> <span class='ocrx_word' id='word_1_209' title='bbox 938 3824 969 3887; x_wconf 81' lang='grc' dir='ltr'>οὐ</span> <span class='ocrx_word' id='word_1_210' title='bbox 1000 3822 1213 3903; x_wconf 72' lang='grc' dir='ltr'><em>φιλοσοφητέον</em></span> <span class='ocrx_word' id='word_1_211' title='bbox 1235 3824 1320 3903; x_wconf 68' lang='lat' dir='ltr'>&lt;baal</span> <span class='ocrx_word' id='word_1_212' title='bbox 1342 3826 1417 3904; x_wconf 82' lang='lat'><strong>(52).</strong></span> 
     </span>
     <span class='ocr_line' id='line_1_27' title="bbox 301 3949 1416 4034; baseline -0.005 -15"><span class='ocrx_word' id='word_1_213' title='bbox 301 3954 388 4031; x_wconf 81' lang='lat' dir='ltr'>Quae</span> <span class='ocrx_word' id='word_1_214' title='bbox 423 3956 577 4018; x_wconf 89' lang='lat' dir='ltr'>dissensio</span> <span class='ocrx_word' id='word_1_215' title='bbox 614 3956 640 4018; x_wconf 92' lang='lat' dir='ltr'>si</span> <span class='ocrx_word' id='word_1_216' title='bbox 676 3973 693 4017; x_wconf 92' lang='lat' dir='ltr'>e</span> <span class='ocrx_word' id='word_1_217' title='bbox 729 3952 922 4033; x_wconf 82' lang='lat' dir='ltr'>Cynicorum</span> <span class='ocrx_word' id='word_1_218' title='bbox 955 3951 1098 4014; x_wconf 87' lang='lat' dir='ltr'>doctrina</span> <span class='ocrx_word' id='word_1_219' title='bbox 1130 3951 1281 4034; x_wconf 88' lang='lat' dir='ltr'>explicari</span> <span class='ocrx_word' id='word_1_220' title='bbox 1312 3949 1416 4034; x_wconf 88' lang='lat' dir='ltr'>debet,</span> 
     </span>
     <span class='ocr_line' id='line_1_28' title="bbox 301 4074 1415 4161; baseline -0.005 -17"><span class='ocrx_word' id='word_1_221' title='bbox 301 4083 415 4145; x_wconf 87' lang='lat' dir='ltr'>ultimo</span> <span class='ocrx_word' id='word_1_222' title='bbox 437 4081 507 4144; x_wconf 92' lang='lat' dir='ltr'>loco</span> <span class='ocrx_word' id='word_1_223' title='bbox 530 4082 704 4159; x_wconf 79' lang='grc' dir='ltr'><em>ΦιλοσοΦεῒν</em></span> <span class='ocrx_word' id='word_1_224' title='bbox 728 4079 813 4142; x_wconf 91' lang='lat' dir='ltr'>idem</span> <span class='ocrx_word' id='word_1_225' title='bbox 840 4076 1054 4161; x_wconf 86' lang='lat' dir='ltr'>significatae</span> <span class='ocrx_word' id='word_1_226' title='bbox 1077 4074 1228 4156; x_wconf 81' lang='grc' dir='ltr'><em>προσέχειν</em></span> <span class='ocrx_word' id='word_1_227' title='bbox 1252 4078 1291 4155; x_wconf 83' lang='grc' dir='ltr'>τῷ</span> <span class='ocrx_word' id='word_1_228' title='bbox 1314 4075 1415 4155; x_wconf 60' lang='lat' dir='ltr'>*iliada</span> 
     </span>
     <span class='ocr_line' id='line_1_29' title="bbox 299 4204 1414 4291; baseline -0.004 -21"><span class='ocrx_word' id='word_1_229' title='bbox 299 4206 559 4291; x_wconf 88' lang='lat' dir='ltr'>praecedentibus</span> <span class='ocrx_word' id='word_1_230' title='bbox 583 4225 657 4271; x_wconf 89' lang='lat' dir='ltr'>vero</span> <span class='ocrx_word' id='word_1_231' title='bbox 682 4207 758 4270; x_wconf 90' lang='lat' dir='ltr'>loeis</span> <span class='ocrx_word' id='word_1_232' title='bbox 782 4204 805 4268; x_wconf 84' lang='grc' dir='ltr'>οἱ</span> <span class='ocrx_word' id='word_1_233' title='bbox 829 4207 1059 4284; x_wconf 76' lang='grc' dir='ltr'><em>φιλοσοφοῦντες</em></span> <span class='ocrx_word' id='word_1_234' title='bbox 1079 4204 1124 4266; x_wconf 92' lang='lat' dir='ltr'>illi</span> <span class='ocrx_word' id='word_1_235' title='bbox 1138 4209 1222 4286; x_wconf 90' lang='lat' dir='ltr'>sunt,</span> <span class='ocrx_word' id='word_1_236' title='bbox 1237 4205 1293 4287; x_wconf 90' lang='lat' dir='ltr'>qui</span> <span class='ocrx_word' id='word_1_237' title='bbox 1306 4204 1414 4287; x_wconf 88' lang='lat' dir='ltr'>physi-</span> 
     </span>
     <span class='ocr_line' id='line_1_30' title="bbox 303 4330 1417 4418; baseline -0.002 -20"><span class='ocrx_word' id='word_1_238' title='bbox 303 4334 347 4398; x_wconf 91' lang='lat' dir='ltr'>cis</span> <span class='ocrx_word' id='word_1_239' title='bbox 371 4337 401 4397; x_wconf 93' lang='lat' dir='ltr'>et</span> <span class='ocrx_word' id='word_1_240' title='bbox 424 4333 535 4418; x_wconf 89' lang='lat' dir='ltr'>logicis</span> <span class='ocrx_word' id='word_1_241' title='bbox 559 4330 856 4415; x_wconf 85' lang='lat' dir='ltr'>investigationibus</span> <span class='ocrx_word' id='word_1_242' title='bbox 881 4330 957 4394; x_wconf 90' lang='lat' dir='ltr'>dant</span> <span class='ocrx_word' id='word_1_243' title='bbox 976 4349 1114 4415; x_wconf 93' lang='lat' dir='ltr'>operam.</span> <span class='ocrx_word' id='word_1_244' title='bbox 1136 4330 1198 4394; x_wconf 84' lang='lat' dir='ltr'>Sed</span> <span class='ocrx_word' id='word_1_245' title='bbox 1210 4331 1271 4394; x_wconf 90' lang='lat' dir='ltr'>alia</span> <span class='ocrx_word' id='word_1_246' title='bbox 1282 4330 1417 4396; x_wconf 89' lang='lat' dir='ltr'>fortasse</span> 
     </span>
    </p>
   </div>
   <div class='ocr_carea' id='block_1_6' title="bbox 0 0 1676 5234">
    <p class='ocr_par' dir='ltr' id='par_1_6' title="bbox 0 0 1676 5234">
     <span class='ocr_line' id='line_1_31' title="bbox 0 0 1676 5234; baseline 0 0"><span class='ocrx_word' id='word_1_247' title='bbox 0 0 1676 5234; x_wconf 95' lang='lat' dir='ltr'> </span> 
     </span>
    </p>
   </div>
  </div>
 </body>
</html>
