3328 5234
812 538 876 600 1⁰4

290 770 309 814 a
348 748 488 813 Luciano
527 747 717 832 objurgato?
755 745 895 830 „Notum
933 747 1000 812 est’'
1035 749 1189 832 inquiunt
1221 749 1284 811 vlri
1317 749 1411 830 docti,

292 874 478 957 „Pollucem
506 873 665 938 Naucrate
685 873 855 937 oriundum
875 874 1111 958 Aegyptiacum
1131 874 1290 937 nominari
1309 893 1411 958 posse,

289 1005 320 1066 et
354 999 516 1065 Lucienus
551 1000 590 1064 de
624 999 828 1084 Aegyptiacis
863 1000 963 1064 servis
997 998 1170 1082 loquitur.''
1195 997 1409 1065 Consulamus

289 1130 358 1213 ipsa
381 1125 495 1192 verba:
521 1123 584 1206 δρᾷς
608 1124 671 1202 ἐμὲ,
696 1121 725 1196 ὃς
748 1123 858 1204 πατρὸς
882 1123 936 1201 μὲν
959 1123 1093 1204 ἀφανοῦς
1117 1123 1169 1187 καὶ
1192 1121 1256 1188 οὐδὲ
1279 1125 1409 1205 καθαρῶς

289 1218 431 1334 ἐλευθέρου
465 1249 614 1328 ἐγενόμην,
649 1251 717 1331 ὑπὲρ
753 1248 813 1317 Ξόιν
847 1250 897 1314 καὶ
930 1253 1042 1327 Θμνῦϊν
1076 1253 1217 1336 (nomina
1241 1271 1408 1316 servorum

291 1378 538 1464 Aegyptiorum)
562 1375 779 1449 δεδουλευκότος
805 1378 879 1460 (24).
902 1379 947 1442 At
970 1378 1084 1460 hercle,
1108 1379 1135 1442 si
1159 1380 1231 1462 quis
1247 1378 1412 1461 patre,qui

290 1506 454 1569 duriorem
479 1509 596 1568 sortem
622 1523 720 1586 quam
747 1503 936 1587 Aegyptiaci
960 1505 1045 1568 servi
1064 1503 1147 1586 tulit,
1166 1511 1255 1567 ortus
1275 1508 1331 1585 est,
1342 1504 1412 1586 ipse

289 1631 341 1696 vel
375 1636 463 1714 pater
497 1631 567 1694 eius
600 1631 635 1693 in
670 1630 816 1713 Aegypto
852 1635 901 1694 est
931 1629 1050 1694 natus?
1081 1628 1193 1694 Statim
1219 1629 1259 1692 ad
1281 1629 1411 1712 gravius

291 1762 529 1841 argumentum,
560 1757 646 1841 quod
676 1755 849 1839 proferunt,
875 1762 1092 1820 transeamus:
1117 1756 1171 1820 ille
1194 1755 1347 1818 inimicus
1373 1754 1412 1818 de

293 1902 327 1947 se
351 1884 510 1966 loquitur:
537 1881 629 1944 οὐκέτι
652 1881 780 1953 notetur
805 1878 987 1960 ὀνομάζομαι
1010 1880 1081 1944 αλλ’
1105 1877 1158 1953 ἤδη
1183 1885 1243 1952 τοῖς
1269 1879 1336 1950 Διὸς
1360 1876 1411 1942 καὶ

291 2007 395 2081 Λήδας
425 2004 527 2070 παισὶν
550 2005 701 2083 ὁμώνυμος
725 2004 898 2082 γεγέννμαν.
923 2005 1036 2090 Neque
1059 2007 1136 2070 haec
1159 2004 1256 2069 verba
1279 2006 1313 2067 in
1336 2003 1410 2068 Pol·

203 2185 207 2191 .
291 2135 399 2198 lucem
433 2134 516 2197 dicta
548 2139 641 2230 sunt,
658 2134 733 2216 quia
754 2131 917 2204 Lucienus
942 2139 1013 2196 tum
1037 2133 1141 2196 dicere
1165 2131 1314 2196 debebat:
1340 2129 1411 2194 ἀλλ’

294 2256 347 2332 ἤδη
379 2259 418 2338 τῷ
442 2257 524 2338 ἑνερῷ
548 2260 603 2320 τῶν
628 2257 696 2329 Δνδς
719 2255 770 2320 καὶ
794 2257 900 2331 Λήδας
922 2257 1037 2322 παίδων
1061 2257 1212 2336 ὁμώνυμος
1235 2255 1410 2334 γεγένημαι.

295 2385 383 2462 Quae
406 2405 481 2449 cum
506 2386 550 2449 ita
574 2386 647 2468 sint,
671 2405 736 2448 non
761 2384 886 2449 Julium
908 2384 1075 2450 Pollucem
1091 2386 1146 2450 sed
1158 2383 1381 2484 Dioscuridem
1391 2386 1412 2466 1)

294 2512 433 2595 aliquem
451 2513 611 2576 rhetorem
632 2511 725 2576 nobis
743 2514 900 2596 ignotum,
920 2534 938 2576 a
954 2515 1106 2597 scriptore
1119 2514 1278 2598 designari
1291 2531 1413 2595 consec,

293 2638 447 2722 nullaque
473 2638 571 2722 igitur
602 2657 698 2702 causa
721 2637 833 2721 obstat,
859 2640 1035 2722 quominus
1059 2638 1237 2703 Rhetorum
1261 2637 1414 2721 Praecep-

294 2769 396 2828 torem
421 2765 505 2827 circa
532 2784 655 2828 annum
681 2763 744 2826 165
758 2764 783 2847 2)
809 2765 965 2848 scriptum
989 2783 1059 2829 osse
1082 2784 1260 2830 sumamus.

339 2888 507 2954 Postremo
532 2889 629 2953 Verce
650 2887 813 2953 Historiae
837 2890 917 2952 mihi
939 2890 1116 2955 laudandae
1136 2897 1220 2974 sunt,
1239 2892 1274 2953 in
1293 2889 1412 2974 quibus

294 3014 455 3079 Lucianus
477 3035 580 3099 genus
602 3016 778 3080 litterarum
805 3016 988 3101 secundop.
1003 3015 1056 3080 Oh.
1069 3038 1099 3080 n.
1113 3018 1220 3082 seculo
1233 3039 1251 3081 a
1262 3019 1413 3101 sophistis

295 3147 424 3205 strenue
447 3142 626 3205 exercitum
650 3146 681 3205 et
703 3142 874 3205 hominum
898 3142 1030 3206 auribus
1042 3145 1265 3227 gratissimum
1278 3163 1413 3228 exagge-

296 3271 364 3330 rata
394 3268 573 3331 imitatione
604 3269 768 3350 expressit.
798 3267 914 3352 Magno
946 3270 1033 3332 enim
1067 3254 1178 3334 ardore
1207 3269 1262 3334 illa
1293 3271 1413 3354 species

296 3395 517 3458 narrationum
542 3393 755 3478 excolebatur,
780 3414 862 3478 quae
884 3397 918 3458 in
940 3395 1155 3460 describendis
1177 3394 1312 3479 casibus,
1331 3416 1412 3480 quos

297 3614 442 3624 ——

329 3750 354 3815 l)
372 3752 463 3801 Postea
479 3767 510 3802 ex
528 3752 757 3804 Hemsterhusiana
773 3753 884 3803 editione
900 3752 1011 3804 Pollucis
1029 3754 1121 3818 (Praei.
1139 3770 1194 3820 pag.
1211 3752 1253 3806 31,
1272 3755 1316 3806 Ed.
1334 3753 1411 3821 1706)

296 3844 401 3908 cognovi
421 3843 477 3907 jam
501 3844 659 3894 Palmerium
676 3847 748 3906 (saec.
765 3844 847 3908 XVll)
867 3844 1019 3894 Dioscurum
1036 3846 1165 3909 quendam
1183 3847 1222 3896 vel
1238 3847 1413 3898 Dioscuridem

296 3936 339 3986 hic
356 3936 482 4000 designari
499 3934 642 3999 conjecisse.
660 3935 732 4000 Quae
748 3941 836 3986 tamen
852 3951 943 3987 causae
959 3937 1034 3986 illum
1053 3953 1076 3988 v.
1095 3938 1119 3987 d.
1136 3938 1167 3988 ad
1186 3938 1252 3988 hanc
1266 3939 1413 4004 opinionem

297 4027 432 4091 moverint,
450 4027 566 4076 invenire
584 4043 636 4078 nou
654 4029 733 4092 potui.

330 4117 355 4178 δ)
373 4119 431 4169 Non
449 4120 532 4170 multo
549 4125 605 4184 post
622 4121 666 4171 Bis
684 4121 839 4171 decusatum
857 4121 933 4172 Rhet.
952 4121 1038 4172 Praec.
1048 4121 1113 4171 mihi
1122 4122 1233 4186 scriptus
1241 4136 1296 4172 esse
1305 4123 1414 4187 videtur,

297 4211 358 4274 quia
384 4209 420 4275 §8
444 4216 470 4261 et
489 4209 542 4276 §26
560 4213 640 4262 nostri
658 4213 716 4264 libri
733 4217 759 4264 ct
776 4214 803 4262 in
822 4213 874 4264 fine
891 4211 944 4264 Bis.
962 4214 1019 4264 Acc.
1037 4215 1134 4264 mentio
1153 4213 1183 4264 iit
1201 4215 1233 4265 de
1251 4216 1415 4265 matrimonio

296 4317 357 4353 cum
375 4303 512 4354 Rhetorica
529 4303 601 4354 inito.
