3328 5234
779 595 841 658 111

248 805 482 888 Goldbacher1)
523 809 554 871 et
592 805 717 890 Burger
730 805 754 886 2)
790 805 872 869 hanc
908 806 1127 889 quaestionem
1163 806 1296 872 feliciter
1332 807 1373 871 ad

249 931 345 998 finem
368 933 597 1017 perduxerunt.
621 930 746 1015 Biirger
770 931 855 996 enim
881 931 983 1015 capite
1004 931 1145 995 secundo
1166 932 1373 996 suaedisser-

248 1059 377 1122 tationis
408 1057 589 1141 complures
615 1057 709 1122 Asini
732 1056 828 1139 locos,
853 1057 909 1139 qui
934 1075 975 1120 ex
999 1056 1117 1140 Apulei
1140 1055 1372 1141 Metamorpho-

248 1183 339 1250 sibus
373 1184 501 1248 demum
537 1183 576 1247 ab
611 1183 700 1247 omni
728 1187 818 1267 parte
852 1181 993 1267 intellegi
1024 1186 1178 1267 poterant,
1209 1185 1375 1268 prompsit,

247 1310 334 1375 unde
367 1310 541 1394 Apuchum
576 1315 608 1374 et
640 1310 735 1374 Asini
766 1310 952 1392 scriptorem
984 1310 1147 1374 materiem
1180 1328 1223 1373 ex
1255 1310 1366 1375 eodem

247 1436 335 1500 fonte
359 1436 416 1500 sed
440 1436 609 1518 sejunctim
633 1435 779 1499 hausisse
796 1422 887 1499 ‘recte
911 1435 1077 1499 conclusit.

294 1560 365 1637 Quo
388 1565 468 1626 teste
479 1561 628 1626 instructi
640 1560 791 1624 Photium
802 1565 876 1625 ante
888 1566 1035 1625 nostrum
1047 1560 1189 1625 tribunal
1202 1563 1371 1628 vocemus!

292 1686 378 1752 Dicit
411 1686 548 1752 Lucium
584 1690 615 1751 et
645 1685 823 1751 [lucianum
858 1687 963 1758 ιιύσιιῑς
998 1682 1094 1760 λέξεσι
1125 1684 1178 1750 aui
1200 1683 1373 1761 συντάξεσιν

249 1815 333 1877 iuter
366 1832 400 1879 se
432 1815 612 1878 convenire.
643 1812 695 1876 En
717 1813 836 1878 adsunt
858 1813 943 1897 apud
967 1812 1143 1896 Apuleium
1169 1811 1317 1878 Latinum
1342 1819 1374 1878 et

249 1937 428 2004 Lucienum
457 1939 615 2006 Graecum
639 1941 875 2024 descriptiones,
900 1958 983 2024 quae
1006 1959 1107 2024 paene
1129 1940 1243 2006 iisdem
1266 1940 1373 2007 verbis

250 2071 327 2130 sunt
360 2084 545 2151 expressae,
582 2066 726 2131 conferas
761 2066 855 2130 modo
889 2065 968 2131 Luc.
1003 2066 1135 2130 27-34
1171 2085 1245 2130 cum
1278 2067 1374 2150 Apul.

250 2189 315 2256 VH
339 2193 469 2256 14-24
492 2198 524 2256 et
545 2190 621 2257 Luc.
645 2194 775 2257 35-40
796 2212 870 2257 cum
889 2194 985 2277 Apul.
1005 2193 1086 2256 VIII
1106 2194 1246 2257 23-31.
1259 2192 1375 2258 Nonne

250 2318 326 2382 inde
356 2319 531 2383 verisimile
554 2323 603 2384 est
624 2318 776 2383 Photium
800 2325 885 2384 recte
909 2320 947 2384 dc
971 2319 1139 2384 verborum
1165 2319 1374 2384 similitudine

251 2446 338 2530 apud
361 2449 535 2530 utrumque
560 2445 716 2510 Graecum
741 2447 925 2529 scriptorem
947 2446 1135 2529 judicasse?

294 2570 418 2638 Deinde
440 2572 575 2637 Photius
598 2572 735 2637 declarat
758 2571 950 2637 uncianum.
963 2572 1118 2656 quaedam
1143 2591 1160 2636 e
1183 2572 1374 2656 remotione,

251 2699 417 2783 quaesibi
442 2719 507 2763 non
531 2697 667 2779 χρήσιμα
691 2704 806 2782 essent,
830 2703 968 2776 περιελεῖν
992 2702 1024 2763 et
1047 2717 1130 2783 quae
1149 2698 1210 2763 sibi
1229 2699 1376 2782 longIora

251 2825 436 2890 viderentur
457 2825 669 2889 anemurium.
691 2823 806 2891 Denuo
826 2826 985 2909 Apuleius
1005 2825 1163 2890 Photiana
1181 2825 1278 2891 verba
1299 2845 1375 2891 vera

250 2969 320 3015 esse
350 2952 495 3016 ostendit
519 2951 684 3036 Biirgerus
707 2953 793 3016 enim
817 2952 998 3036 complures
1020 2953 1108 3017 locos
1131 2953 1292 3033 indicavit,
1316 2952 1375 3017 ubi

250 3073 413 3140 Lucienus
446 3076 586 3141 fabulam
621 3081 786 3162 tantopere
818 3079 987 3158 contraxit,
1020 3083 1057 3141 ut
1081 3078 1149 3164 sinc
1172 3077 1290 3162 Apulei
1314 3095 1374 3161 ope

250 3203 392 3288 intellegi
425 3209 571 3287 nequeat
605 3203 717 3267 Unum
753 3203 846 3266 modo
881 3203 1075 3288 exemplum,
1111 3203 1167 3267 ubi
1197 3203 1257 3266 viri
1290 3203 1375 3267 docti

251 3327 326 3392 olim
360 3327 480 3392 infelici
515 3329 696 3411 conjectura
726 3333 852 3392 textum
882 3328 1034 3393 traditum
1057 3332 1231 3410 tentarunt,
1255 3330 1375 3393 exscri-

250 3453 325 3519 bere
346 3452 433 3518 libct.
456 3453 687 3519 Boissonadius
711 3454 762 3536 (ad
783 3453 887 3519 Nicet.
909 3455 937 3517 1.
960 3455 1012 3537 75)
1033 3455 1066 3518 in
1087 3453 1374 3519 verbisLueieneis

250 3575 317 3655 ἄγει
352 3603 393 3658 με
426 3579 564 3657 λαβοῦσιν
600 3577 667 3659 νιρός
702 3578 755 3653 σὺν
789 3579 874 3659 θύραν
905 3583 956 3645 τοῦ
992 3580 1148 3658 δωματίου,
1185 3577 1251 3644 ἔνθιι
1274 3581 1376 3644 εἰιεῖνσι

250 3703 399 3770 incidendae
423 3708 487 3788 (12)
511 3708 653 3787 haerena,
676 3706 715 3771 de
736 3707 776 3772 iis
799 3706 877 3771 haec
901 3707 1044 3772 disserit:
1069 3707 1187 3789 „Credo
1208 3708 1375 3792 scripsisse

250 3830 429 3897 Lucianum
464 3830 554 3905 ἐκείνη
589 3829 748 3896 ἐκάθευδεν.
783 3833 848 3916 Agi
881 3851 996 3918 nempe
1026 3833 1230 3898 manifestum
1263 3837 1312 3896 est
1335 3833 1375 3898 de

251 3957 412 4041 eubiculo,
446 3957 502 4022 ubi
534 3957 713 4042 Hipparchi
745 3958 889 4040 conjunx
918 3957 1057 4023 dormire
1089 3958 1219 4043 solebat,
1244 3976 1309 4021 non
1335 3959 1374 4023 de

254 4148 400 4159 -ι

282 4277 310 4343 l)
328 4277 472 4329 Zeitsohrilt
488 4278 505 4329 l.
523 4276 635 4329 Oesterr.
655 4276 748 4344 Gymn.
766 4274 833 4327 1872
850 4276 991 4343 (XXXIII).

284 4367 309 4432 2)
327 4369 355 4422 C.
373 4369 512 4438 Biirgerus.
528 4369 566 4420 De
583 4368 662 4420 Lucio
678 4368 804 4419 Patrensi.
822 4368 919 4421 BerIIn.
934 4367 1009 4420 1887.
