3310 5242
834 605 876 670 30

200 895 203 904 ,
294 821 382 884 nicht
404 821 439 883 in
462 819 524 882 den
547 818 650 882 Mund
672 819 776 903 gelegt
799 818 925 882 werden
949 818 1108 884 kbnnen.’'
1132 820 1177 883 At
1199 838 1276 903 rogo
1299 824 1339 902 te,
1359 822 1411 883 vir

295 945 485 1026 doctissime,
520 944 604 1008 nndc
636 943 693 1007 tibi
716 949 827 1008 notum
852 949 900 1009 est
923 943 1101 1008 Lucianum
1125 965 1144 1008 a
1168 950 1277 1010 tenera
1297 947 1412 1028 juven·

295 1076 363 1136 tute
385 1071 569 1155 religionem
594 1071 740 1134 traditam
766 1076 796 1135 et
818 1071 1007 1135 rhetoricam
1033 1071 1233 1154 disciplinam
1254 1073 1413 1155 sprevisse

244 1163 246 1170 Ι
294 1203 326 1261 et
359 1197 440 1261 risui
471 1195 641 1260 tradidisse
672 1195 844 1260 omnium?
869 1195 1037 1281 Cognitum
1063 1195 1211 1279 habebas,
1234 1195 1411 1260 Lucianum

294 1324 428 1387 satiricis
462 1323 647 1406 praesertim
683 1321 832 1405 operibus
867 1340 984 1385 nomen
1021 1321 1171 1385 debuisse
1205 1327 1236 1386 ct
1270 1341 1343 1385 oum
1375 1323 1410 1384 in

294 1449 454 1533 dialogum
477 1449 654 1530 incidisses,
679 1447 734 1511 ubi
759 1449 901 1532 scriptor,
926 1467 1008 1530 quae
1031 1447 1107 1511 alibi
1127 1447 1269 1512 deridere
1281 1447 1411 1531 solebat,

293 1574 395 1658 palam
432 1575 582 1655 laudavit,
614 1575 720 1637 statim
751 1573 833 1636 illud
864 1578 1009 1657 paratum
1042 1574 1217 1636 remedium
1250 1575 1413 1657 quaesisti,

294 1706 331 1765 ut
365 1720 446 1785 opus
480 1721 538 1785 pro
573 1700 743 1764 subditicio
764 1699 934 1782 judicares.
957 1697 1072 1762 Nonne
1095 1700 1256 1763 humanae
1279 1704 1413 1764 naturae

295 1829 395 1910 magis
427 1832 476 1891 est
505 1828 708 1910 conveniens,
731 1831 767 1890 ut
791 1845 874 1909 quae
893 1827 1028 1908 Juvenes
1052 1825 1225 1889 dileximus
1249 1829 1280 1889 et
1302 1825 1411 1908 magni

293 1953 476 2036 habuimus,
499 1954 673 2037 posteriore
697 1956 837 2036 tempore
860 1950 990 2015 meliora
1010 1951 1095 2014 docti
1114 1970 1263 2035 spemero
1282 1957 1312 2015 et
1332 1957 1412 2015 tam·

295 2098 391 2162 quam
415 2077 495 2142 falsa
518 2077 653 2160 abjicere
677 2077 853 2162 cogamur?

337 2205 446 2288 Atque
480 2204 518 2267 de
553 2202 725 2267 saltatione
760 2203 837 2266 haec
872 2202 1001 2286 quidem
1036 2201 1208 2266 hactenus!
1241 2200 1410 2267 Occultum

294 2333 422 2395 satiram
452 2351 482 2392 v.
512 2330 541 2394 d.
568 2328 763 2392 Richardum
791 2328 831 2412 (p.
857 2329 909 2408 32)
933 2329 967 2390 in
990 2325 1127 2391 Hesiodo
1150 2330 1259 2391 rimari
1282 2329 1409 2393 nullum
1452 2347 1457 2358 ·

289 2461 357 2543 jam
390 2461 467 2540 puto
501 2473 581 2537 esse,
616 2455 673 2538 qui
706 2455 855 2533 miretur;
892 2473 966 2516 nam
1001 2471 1101 2536 paena
1135 2453 1322 2518 incredibile
1352 2459 1413 2529 cst,

296 2605 391 2670 quam
415 2584 508 2685 longe
531 2582 609 2645 haec
632 2599 781 2665 perversa
805 2580 1035 2664 interpretandi
1058 2581 1138 2644 ratio
1158 2583 1316 2664 serpserit.
1330 2579 1413 2646 Ocn-

294 2712 396 2776 tendit
419 2714 524 2774 autem
548 2708 602 2772 ille
627 2709 674 2770 vir
697 2708 819 2791 doctus„
838 2707 1015 2772 Lucianum
1036 2712 1145 2772 nostro
1167 2707 1291 2792 dialogo
1305 2711 1413 2774 invec-

294 2842 363 2901 tum
387 2854 457 2900 csse
478 2835 512 2897 in
539 2833 609 2915 ,die
631 2833 870 2919 iibermtissigen
894 2833 1112 2898 Bewunderer
1135 2834 1190 2898 des
1209 2833 1413 2899 Homerund

294 2959 424 3042 Hesiod,
448 2959 507 3040 die,
530 2958 642 3042 denen,
666 2958 785 3023 welche
804 2959 885 3023 auch
904 2979 968 3022 nur
988 2959 1044 3023 das
1062 2960 1223 3044 geringste
1241 2981 1284 3024 zu
1304 2961 1413 3026 tadoln

294 3090 411 3170 hatten,
442 3084 570 3168 Mangel
599 3104 639 3148 an
667 3083 895 3148 varstandniss
918 3084 973 3148 fiir
995 3086 1155 3168 poetische
1179 3084 1317 3151 Freiheit
1340 3106 1415 3150 vor-

295 3212 444 3278 warfen.”
479 3210 568 3287 Quae
601 3230 685 3275 nova
717 3212 944 3295 interpretatio,
979 3215 1201 3295 praeterquam
1236 3213 1322 3296 quod
1358 3213 1416 3276 illa

294 3341 398 3405 latens
428 3339 524 3402 satira
554 3338 588 3400 in
620 3338 809 3401 universum
839 3336 918 3399 mihi
944 3335 1156 3420 improbanda
1180 3337 1315 3416 videtur,
1339 3357 1415 3402 cum

293 3469 373 3552 ipsis
395 3466 558 3549 scriptoris
581 3463 686 3528 verbis
709 3468 816 3546 aperte
839 3467 978 3548 pugnat,
1003 3482 1165 3548 nusquam
1189 3466 1275 3529 enim
1298 3463 1416 3529 Lucia·

296 3613 359 3658 nus
389 3593 595 3676 antiquorum
625 3594 790 3674 poetarum
820 3589 986 3673 rehgiosos
1008 3589 1213 3655 admiratores
1236 3591 1416 3676 cavillatur,

297 3720 354 3785 sed
373 3718 479 3802 potius
500 3715 737 3779 Alexandrinos
757 3715 883 3779 criticos
903 3713 942 3777 ob
962 3715 1102 3798 ineptam
1116 3715 1291 3780 doctrinam
1303 3716 1415 3800 eludit,

298 3847 374 3930 quia
404 3839 503 3906 λεπταὶ
529 3836 600 3904 οὕτω
629 3838 733 3921 κομιδῇ
761 3837 812 3903 aad
836 3836 975 3916 adacta
998 3838 1089 3920 μικρὰ
1111 3837 1191 3904 dara
1214 3837 1335 3915 διεξίωσι
1358 3845 1414 3925 (5).

297 3969 401 4036 Etiam
437 3973 546 4053 postea
579 3965 653 4031 Ver.
683 3965 766 4031 Hist
797 3966 839 4050 H,
869 3966 910 4030 20
941 3967 1087 4051 loquitur
1120 3967 1160 4032 de
1182 3967 1337 4041 Ζηνοδότου
1361 3966 1414 4032 καὶ

297 4091 494 4186 Ἀριστάρχου
516 4091 712 4176 ψυχρολογίᾳ.

342 4221 455 4286 Potius
483 4219 611 4284 fecerim
641 4239 716 4284 cum
746 4220 810 4284 illis
833 4220 920 4330 piris,
943 4220 1000 4304 qui
1023 4224 1061 4283 ut
1083 4195 1320 4286 Sommerbrodt
1346 4221 1414 4286 dia—

298 4345 409 4436 logum
448 4349 575 4431 propter
610 4346 680 4428 ,die
712 4345 942 4431 schwerfallige
974 4344 1307 4430 Weitschweifigheit’'
1343 4345 1414 4432 (Ed.
