3310 5242
776 617 817 678 53

238 830 293 891 aut
327 826 404 891 mali
438 827 528 910 dixit,
558 829 622 892 nisi
655 827 740 911 quod
768 845 877 892 eorum
907 825 1047 910 dialogos
1071 829 1234 908 tamquam
1257 825 1354 891 nimis

237 952 388 1020 obscuros
411 951 601 1039 improbavit
624 953 702 1037 (34),
722 953 872 1038 aequales
892 971 967 1017 vero
988 954 1029 1035 (6,
1042 953 1070 1035 7,
1084 953 1112 1035 8,
1127 951 1179 1033 11)
1199 951 1354 1017 malevole

236 1086 418 1165 carpuntur.
442 1079 621 1145 Mercurius
645 1081 730 1144 enim
756 1080 911 1164 quosdam
930 1079 1042 1163 bonos,
1061 1078 1180 1143 multos
1200 1078 1353 1143 semidoc-

235 1212 294 1291 (οε,
318 1208 374 1273 sed
396 1209 552 1291 plurimos
575 1207 712 1272 nefarios
736 1207 876 1271 inveniri
894 1206 1110 1290 philosophos,
1129 1205 1293 1270 iustitiam
1314 1207 1354 1270 ad

235 1336 350 1397 terram
380 1333 567 1398 redeuntem
600 1333 765 1397 certiorem
795 1331 871 1396 iacit
894 1337 926 1396 et
947 1331 1027 1415 Pan,
1050 1331 1129 1396 deus
1152 1331 1191 1395 ed
1214 1333 1353 1416 procaci-

233 1462 329 1523 tatem
352 1458 513 1542 proclivis,
543 1458 643 1522 malos
668 1458 707 1522 de
730 1457 873 1523 moribus
896 1458 1087 1542 sapientium
1111 1476 1256 1522 rumores
1279 1478 1351 1522 nar·

232 1589 343 1667 resset,
367 1585 430 1648 nisi
453 1583 594 1667 Justitia,
619 1603 681 1667 qua
704 1587 789 1647 esset
812 1584 963 1666 castitate,
985 1582 1208 1667 prohibuisset.

276 1709 416 1793 Veritus,
448 1729 489 1774 ne
510 1711 665 1795 gravitate
689 1715 719 1775 et
742 1709 962 1794 philosophiae
986 1729 1093 1774 amore
1115 1729 1239 1774 vacuus
1260 1711 1349 1776 vide-

231 1840 328 1918 retur,
359 1837 419 1900 tria
448 1836 576 1919 Judioia
604 1855 686 1919 quae
707 1837 810 1920 ipsius
835 1837 1025 1900 sententiam
1047 1835 1188 1900 indicare
1211 1840 1350 1920 possent,

231 1960 394 2027 Luciauus
424 1963 625 2046 pronuntiari
656 1960 755 2046 fingit.
778 1961 888 2026 Primo
913 1963 1097 2045 quaestione
1121 1965 1216 2044 moto,
1238 1966 1347 2025 utrum

232 2087 404 2152 Academia
434 2087 640 2152 Polemonem
670 2086 731 2151 sibi
761 2087 925 2151 vindicare
949 2089 1022 2171 jure
1044 2090 1162 2171 posset,
1183 2107 1225 2151 an
1248 2087 1348 2151 Vino·

231 2214 346 2278 lentiae
390 2216 620 2295 restitueretur,
661 2210 762 2285 Μέθην
805 2199 1046 2276 condemnatam
1088 2211 1204 2276 abiisse
1241 2217 1349 2278 narrat

231 2339 393 2422 (15-19).
434 2338 474 2402 In
516 2339 657 2403 secunda
690 2339 813 2402 actione
848 2335 969 2409 Ἡδόιιιι
1002 2339 1167 2422 praeponit
1200 2339 1347 2404 Porticus

230 2466 413 2549 praeceptis
436 2465 589 2546 (ro-23)
612 2466 657 2528 ita
680 2469 786 2528 tamen
810 2469 847 2528 ut
871 2463 912 2527 ad
934 2463 1058 2547 Jovem,
1082 2483 1244 2528 summum
1262 2464 1347 2548 judi·

231 2611 299 2656 cem
339 2593 523 2675 provocatio
560 2595 666 2675 pateat
700 2591 774 2673 (12).
808 2590 984 2674 Postremo,
1018 2595 1127 2654 utrum
1161 2591 1346 2675 Aristippus

229 2717 315 2798 ἀρετῇ
348 2738 388 2782 an
419 2684 515 2798 τροφῇ
538 2717 685 2782 addictus
708 2717 758 2799 sit,
783 2717 958 2801 disceptare
981 2721 1109 2782 veretur
1133 2718 1205 2798 (23).
1227 2716 1267 2780 In
1289 2715 1347 2782 Bis

229 2845 387 2908 Accusata
410 2845 509 2928 igitur
530 2842 710 2907 Lucianum
735 2844 885 2927 antiquos
907 2842 1111 2927 philosophos
1131 2862 1196 2906 non
1215 2842 1345 2907 eluden-

228 2973 302 3051 tem,
336 2967 484 3052 aequales
520 2969 668 3032 maiorem
701 2971 824 3051 partem
856 2960 1098 3050 vituperantem,
1128 2967 1346 3051 philosophiae

229 3093 372 3158 studium
403 3113 469 3157 non
500 3094 569 3158 sine
597 3093 775 3156 reverentia
799 3110 1064 3158 commemorasse
1086 3092 1170 3156 clare
1193 3093 1346 3176 apparuit.

272 3219 306 3284 Si
346 3225 453 3284 autem
489 3218 546 3284 Bis
581 3219 780 3284 Accusatum
815 3239 889 3284 cum
922 3219 1085 3285 Piscatore
1120 3224 1152 3284 et
1186 3219 1346 3304 Fugitiuis

229 3347 372 3432 (dialogis
406 3367 509 3432 nuper
539 3347 737 3428 memoratis)
772 3345 983 3430 conferamus,
1014 3349 1281 3431 contemptionem
1310 3349 1345 3410 in

228 3476 377 3559 aequales
409 3494 533 3558 semper
563 3479 759 3539 crescentem
790 3475 1009 3559 perspicimus,
1041 3474 1128 3538 unde
1151 3475 1245 3538 etiam
1268 3476 1346 3540 heac

229 3599 427 3684 dialogorum
449 3599 655 3683 chronologia
679 3601 832 3664 constitui
854 3618 948 3684 posse
972 3599 1114 3664 videtur:
1139 3601 1263 3683 primus
1286 3599 1343 3665 Bis

228 3725 419 3810 Accusatus,
451 3726 509 3792 ubi
539 3745 696 3791 numerus
728 3726 901 3810 proborum
933 3725 1105 3790 admodum
1137 3745 1275 3810 magnus
1298 3732 1348 3792 est

228 3853 283 3938 (8),
312 3854 474 3920 secundus
497 3854 649 3936 Piscator,
672 3852 729 3916 ubi
752 3852 825 3924 τινὲς
850 3851 964 3925 ἀληθῶς
988 3850 1167 3934 Φιλοσοφίαν
1190 3849 1345 3932 ζηλοῦντες

227 3983 435 4045 nominantur
471 3978 549 4063 (37),
583 3983 764 4064 postremus
792 3979 943 4064 Fugitivi,
979 3977 1035 4043 ubi
1057 3984 1245 4045 manserunt
1268 3976 1346 4044 ιιοὶιο

227 4105 326 4185 ὀλίγοι,
350 4103 406 4170 ὅσοι
430 4107 511 4187 ὀρθῶς
534 4109 747 4187 Φιλοσοφοῦοιο
771 4107 845 4191 (24).

272 4232 360 4310 Quae
390 4235 488 4318 igitur
516 4232 680 4298 Lucienus
712 4233 750 4298 de
773 4233 967 4319 philosophis
990 4235 1025 4297 in
1048 4235 1104 4298 Bis
1128 4236 1288 4301 Accusata
1314 4243 1345 4303 et

228 4359 391 4424 Piscatore
406 4360 573 4445 judicavit,
587 4361 881 4444 exposuimus,jam
895 4361 935 4425 ad
945 4361 1129 4426 litterariam
1143 4363 1213 4428 eius
1225 4364 1345 4430 confes-
