3310 5242
822 607 865 672 46

291 819 331 883 ad
352 817 450 882 tinem
463 817 624 902 perducto,
636 836 718 901 quae
730 818 769 882 de
780 816 914 882 Luciani
926 817 1075 902 operibus
1087 818 1251 884 rhetoricis
1264 818 1407 882 animad-

292 947 380 1029 verti,
403 945 456 1008 hic
480 964 542 1009 uno
566 950 739 1029 conspectu
763 945 966 1029 complectar.

334 1070 447 1155 Usque
469 1072 509 1135 ad
532 1071 814 1156 quadragesimum
839 1092 961 1137 annum
988 1074 1070 1138 vitae
1093 1072 1283 1158 vulgaribus
1305 1072 1409 1137 rheto-

289 1217 362 1261 rum
393 1196 508 1261 studiis
542 1197 687 1262 addictus
722 1197 818 1262 verba
852 1217 912 1263 sua
935 1199 975 1262 ad
999 1199 1183 1263 auditorum
1207 1199 1406 1263 voluntatem

291 1321 554 1404 accommodavit,
585 1327 616 1386 et
646 1341 728 1405 quae
758 1328 867 1406 postea
890 1322 1003 1387 acerbe
1025 1325 1221 1407 perstrinxit,
1243 1323 1303 1387 hoc
1322 1322 1405 1386 vitae

291 1451 434 1530 tempore
464 1447 683 1532 compluribus
713 1449 803 1514 libris
834 1448 1011 1514 celebravit.
1043 1447 1117 1512 Duo
1141 1455 1249 1512 tamen
1273 1464 1408 1531 operae

291 1575 395 1657 prima,
415 1578 514 1639 aetate
536 1581 718 1658 supersunt,
742 1594 823 1659 quae
837 1575 1076 1658 quodammodo
1089 1594 1163 1639 cum
1177 1573 1408 1657 posterioribus

292 1704 368 1763 sunt
400 1701 621 1784 comparanda.
657 1700 739 1765 Nam
775 1703 808 1764 iu
840 1701 1059 1766 Anacharside
1092 1703 1235 1785 primum
1264 1702 1409 1767 satiricae

290 1824 406 1889 indolis
440 1826 594 1890 indicium
632 1827 836 1910 conspicitur,
870 1826 983 1890 deinde
1015 1847 1080 1891 una
1101 1826 1267 1891 Toxaridis
1289 1825 1411 1912 fabula,

288 1950 362 2016 licet
396 1953 581 2035 scriptorem
613 1957 737 2016 certum
769 1951 930 2034 quoddam
961 1954 1078 2016 comici
1109 1951 1297 2037 exemplum
1333 1958 1408 2018 anto

289 2076 399 2141 oculos
421 2076 570 2141 habuisse
592 2095 656 2140 non
678 2081 834 2160 appareat,
858 2082 965 2141 tamen
985 2083 1112 2162 propter
1131 2079 1287 2142 eroticum
1309 2097 1406 2162 argu-

292 2206 438 2264 mentum
464 2220 539 2265 cum
563 2200 654 2264 Nova
677 2199 847 2265 Comoedia
870 2204 1047 2287 comparari
1070 2207 1182 2286 potest.

336 2325 406 2403 Qua
430 2334 538 2392 autom
563 2329 615 2391 ria
637 2326 798 2392 Lucienus
822 2347 839 2392 e
862 2329 986 2393 rhetore
998 2329 1123 2414 vulgari
1135 2328 1321 2412 aequalium
1335 2347 1410 2392 cen-

293 2473 345 2519 sor
366 2453 469 2519 factus
493 2457 543 2539 sit,
566 2457 713 2539 sequenti
737 2457 840 2539 capite
862 2462 1008 2522 accurate
1031 2453 1282 2540 explorabimus.
