3328 5234
729 579 808 664 'aa

230 809 386 896 discipulo
411 811 576 896 Theogene
595 810 775 876 Lucianum
792 810 956 894 judicasse
976 809 1148 896 probabilis
1167 814 1216 877 est
1239 811 1345 896 opinio

231 935 400 1018 Bernaysii
413 935 446 1020 ¹),
483 938 547 1022 qui,
579 937 657 1021 quid
688 937 741 1001 alii
773 937 923 1021 aequales
955 937 993 1001 de
1024 941 1163 1022 utroque
1185 938 1348 1019 sentirent,

231 1060 356 1126 efficere
390 1062 522 1128 studuit
559 1062 681 1128 Gellius
712 1064 796 1127 enim
820 1064 860 1145 (8.
884 1064 903 1126 3
929 1063 1034 1127 6112.
1060 1063 1116 1146 11)
1139 1063 1347 1146 Peregrinum

230 1207 359 1272 gravem
390 1191 486 1272 atque
516 1193 714 1253 constantem
746 1190 855 1252 virum
886 1188 986 1253 fuisse
1016 1193 1047 1253 et
1070 1189 1162 1253 utilia
1185 1192 1351 1272 praecepta
1429 1275 1431 1282 Ι

231 1313 378 1379 docuisse
401 1315 555 1395 declarat3
582 1314 722 1380 Galenus
747 1315 853 1397 (moth.
878 1314 1022 1379 medend.
1046 1315 1096 1378 13.
1123 1315 1176 1392 15)
1199 1315 1238 1379 16
1252 1313 1350 1378 Thea·

230 1459 321 1525 gene,
342 1445 379 1506 ut
402 1440 441 1507 de
465 1425 615 1526 simplice
631 1441 760 1506 homine
784 1445 815 1507 et
839 1440 878 1505 ob
903 1441 1079 1506 doctrinam
1101 1439 1221 1505 Romae
1243 1438 1351 1521 nobili,

230 1566 402 1632 honorifice
426 1569 621 1633 mentionem
645 1567 729 1632 facit.

276 1693 321 1758 At
343 1693 383 1758 ob
407 1694 502 1759 aliam
521 1713 650 1758 causam
670 1713 766 1778 quam
788 1697 916 1780 propter
936 1693 1070 1757 crimina
1089 1695 1124 1758 in
1136 1693 1200 1758 duo
1214 1670 1350 1774 Cynicos

232 1817 360 1883 libellus
386 1819 425 1883 de
456 1817 560 1883 Morte
582 1818 748 1903 Peregrini
770 1817 907 1883 nobilior
929 1821 993 1900 est3
1017 1818 1184 1902 usquead
1208 1818 1350 1883 medium

232 1949 378 2008 nostrum
401 1945 565 2010 saeculum
590 1945 693 2029 multi,
718 1944 804 2029 quod
826 1942 989 2008 Lucianus
1011 1945 1122 2028 paucis
1144 1944 1351 2029 paragraphis

232 2070 272 2135 de
305 2068 493 2136 Christianis
527 2091 592 2136 non
627 2071 765 2157 benigne
793 2071 979 2154 judicasset,
1010 2075 1110 2136 totum
1142 2071 1261 2135 librum
1293 2091 1351 2156 pro

233 2197 357 2262 occulta
391 2200 487 2263 satira
517 2201 551 2263 in
581 2203 745 2281 martyreo,
772 2198 860 2262 velut
887 2196 1047 2281 Ignatium
1071 2202 1102 2262 et
1125 2196 1354 2282 Polycarpum,

232 2323 421 2389 habuerunt.
447 2321 539 2400 Quod
562 2324 648 2410 apud
670 2324 749 2418 alios
773 2342 903 2409 quoque
926 2324 1095 2407 scriptores
1120 2323 1159 2388 de
1181 2323 1350 2409 theagene

233 2452 265 2515 et
299 2450 338 2514 de
371 2450 544 2534 Peregrino
575 2455 672 2534 atque
702 2450 741 2515 de
771 2450 902 2514 alterius
934 2449 1114 2513 voluntaria
1144 2452 1245 2513 morte
1268 2453 1354 2514 esset

234 2591 346 2659 sermo,
365 2574 398 2638 11
416 2575 497 2639 nihil
516 2575 685 2657 curabant3
706 2595 812 2659 neque
833 2595 942 2641 secum
953 2574 1151 2660 reputabant,
1161 2573 1356 2659 lucianum,

235 2701 263 2763 si
285 2700 480 2785 supplicium
502 2720 560 2785 pro
579 2700 643 2766 fide
663 2700 842 2766 Christiana
863 2702 1006 2768 subitum
1026 2701 1169 2766 deridere
1188 2702 1356 2787 voluisset,

235 2827 304 2910 ipsa
325 2832 504 2910 martyrum
527 2830 657 2894 nomina
680 2849 743 2892 non
769 2829 955 2913 celaturum,
979 2847 1085 2914 neque
1103 2834 1215 2894 contra
1234 2834 1350 2894 sectam

234 2953 297 3018 illia
327 2954 524 3041 temporibus
550 2956 656 3022 adhuc
679 2957 858 3042 despectam
880 2958 977 3022 tantis
1000 2955 1187 3042 ambagibus
1213 2976 1351 3051 usurum
1386 2927 1388 2930 Ι

235 3078 347 3146 fuisse.

279 3203 392 3290 Itaque
422 3208 530 3293 inepta
562 3207 622 3272 hac
657 3208 805 3293 opinione
832 3209 950 3292 reJ'ecta
978 3228 1067 3274 nuno
1098 3208 1226 3274 adrem
1254 3207 1357 3271 maio-

235 3331 280 3395 ris
315 3334 469 3398 momenti
499 3333 780 3419 transgrediamur,
809 3338 841 3399 et
865 3333 1019 3418 quidnam
1041 3333 1203 3399 Lucienus
1227 3334 1266 3399 de
1288 3334 1356 3398 vita

234 3455 363 3541 publica
392 3463 424 3524 61
452 3459 608 3524 institutis
639 3459 816 3544 priscorum
848 3457 1100 3524 Christianorum
1123 3459 1224 3525 obiter
1247 3479 1355 3524 narra-

235 3585 325 3668 verit,
349 3585 598 3651 consideremus.

281 3708 462 3796 Christiani,
485 3714 531 3777 sic
555 3713 573 3796 ξ
599 3713 729 3776 11-14
747 3711 898 3795 loquitur,
918 3715 995 3776 sunt
1013 3712 1167 3796 homines,
1180 3713 1353 3796 quiritum

234 3837 268 3900 in
293 3837 473 3904 Palaestina
496 3858 589 3904 cruce
612 3857 807 3923 suspensum
830 3857 988 3903 novorum
1007 3843 1166 3904 auctorem
1187 3839 1356 3920 mysterio-

235 3981 317 4046 rum,
341 3962 490 4029 omnibua
514 3963 707 4029 Graecorum
732 3965 799 4029 deis
823 3965 946 4049 spretis,
967 3966 1062 4047 quasi
1081 3964 1175 4029 deum
1195 3964 1305 4029 colunt
1325 3969 1360 4030 et

235 4089 415 4155 adorantur.
448 4090 721 4156 Immortalitatem
756 4095 942 4175 exspectant
975 4095 1071 4175 atque
1100 4095 1266 4174 propterea
1291 4095 1355 4158 ter·

267 4372 293 4441 1)
307 4375 330 4428 J.
348 4375 468 4444 Bernays,
484 4375 587 4427 Lulrian
603 4375 656 4426 und
674 4375 715 4426 die
731 4373 855 4442 Kynilrer,
877 4389 894 4440 p
926 4371 969 4426 ld.
