3328 5234
820 583 884 649 102

300 814 418 861 nomen
453 796 557 860 solum
591 799 623 860 et
656 798 821 860 externam
855 795 992 881 speciem
1029 814 1229 861 communem
1260 795 1414 861 habentes

298 921 507 1007 sequentibus
538 921 642 986 satiris
673 939 842 1006 aggressus
872 926 927 987 est.
959 920 1029 998 Quo
1060 921 1130 986 loco
1152 926 1217 987 tres
1239 922 1319 985 mihi
1339 920 1416 985 libri

297 1047 485 1112 nominandi
508 1051 593 1129 sunt,
616 1067 753 1131 quorum
776 1066 871 1131 quom
893 1047 1126 1133 lepidissimum
1145 1066 1260 1111 vocare
1280 1046 1412 1112 debeam

298 1175 414 1256 nescio,
440 1175 515 1257 quia
526 1178 592 1237 tarn
615 1174 767 1258 praeclari
790 1177 822 1237 et
845 1172 884 1237 ab
908 1174 996 1237 omni
1019 1178 1109 1258 parte
1131 1172 1261 1257 perfecti
1282 1177 1366 1257 sunt,
1378 1177 1415 1238 ut

296 1307 366 1367 tuto
379 1320 452 1365 cum
466 1301 593 1385 optimis
602 1301 806 1384 antiquorum
815 1298 1007 1364 Graecorum
1015 1299 1129 1364 litteris
1138 1299 1274 1364 conferri
1283 1301 1414 1385 possint.

340 1426 501 1511 Legistine
529 1445 673 1510 uuquam
703 1444 819 1490 coenae
857 1425 1110 1510 descriptionem,
1133 1424 1190 1490 ubi
1213 1426 1416 1510 singulorum

299 1554 507 1619 convivarum
541 1570 645 1616 mores
677 1552 777 1636 magis
808 1551 1041 1615 accommodate
1072 1550 1286 1635 depingantur
1318 1570 1414 1635 quam

298 1683 333 1744 in
355 1677 499 1745 (inanimo
510 1673 533 1759 ¹)
553 1677 737 1744 Lucianeo?
758 1676 873 1742 Nonne
888 1677 1041 1760 jocoseiu
1064 1674 1330 1756 Φιλοψευδὲσι
1349 1677 1417 1762 phi·

298 1806 421 1891 losophi
444 1806 714 1890 perstringuntur,
737 1807 802 1888 qui,
826 1805 974 1889 quamvis
996 1810 1124 1889 propter
1146 1806 1333 1889 sapientiam
1358 1805 1419 1870 coli

298 1931 407 2013 velint,
438 1929 623 1994 credulitate
654 1928 789 1994 aniculis
816 1929 1030 1994 antecellant?
1063 1928 1264 2015 Quantopere
1286 1929 1420 1996 Luciani
1498 1982 1500 1984 -

302 2057 452 2141 aequales
481 2055 606 2120 fabellis
634 2056 672 2121 de
695 2055 848 2120 mustellis
871 2062 903 2120 et
925 2075 1092 2141 magorum
1116 2057 1259 2122 artificiis
1283 2058 1420 2123 delecta·

300 2187 420 2265 rentur,
445 2182 562 2266 optime
586 2181 779 2250 ex,illorum
801 2171 1071 2267 philosophorum·
1087 2182 1288 2248 sermonibus
1301 2181 1324 2266 9)
1348 2203 1421 2269 cog·

302 2328 433 2374 noscere
463 2327 643 2393 possumus.
674 2306 788 2392 Neque
818 2309 1068 2393 praetereundus
1099 2314 1147 2373 est
1175 2310 1229 2374 ille
1256 2310 1422 2376 celeberri-

306 2457 378 2502 mus
401 2435 482 2500 liber
504 2434 541 2499 dc
563 2433 709 2499 Mercede
734 2434 907 2517 Gaudentio,
931 2434 988 2499 ubi
1007 2437 1141 2520 scriptor
1158 2436 1422 2520 Thesmopoliden

302 2561 444 2627 Stoicum
475 2559 582 2625 ridens
615 2559 755 2644 deplorat
782 2563 813 2624 et
836 2558 979 2625 infelices
1001 2559 1073 2624 illos
1098 2558 1270 2626 Graeculos
1292 2561 1424 2627 misera·

303 2688 365 2768 tur,
389 2687 446 2769 qui
468 2686 574 2769 inopia
597 2687 698 2750 coacti
721 2686 756 2749 in
780 2684 935 2749 nobilium
958 2683 1176 2750 Romanorum
1199 2685 1332 2750 aedibus
1356 2705 1423 2752 sor-

301 2817 366 2876 tem
389 2814 475 2897 passi
497 2818 573 2877 sunt
596 2812 704 2877 servili
729 2807 1014 2877 infortunatiorem.

348 2937 470 3004 Verum
502 2958 567 3002 non
598 2939 702 3003 solum
731 2939 765 3002 in
796 2939 992 3024 philosophis
1016 2943 1047 3004 et
1068 2937 1286 3004 Romanorum
1309 2939 1424 3003 nobili·

304 3065 365 3130 bus
400 3065 592 3149 castigandis
626 3063 788 3129 Lucienus
824 3084 858 3129 se
891 3066 1057 3148 continuit,
1089 3067 1146 3149 qui
1169 3067 1237 3130 suis
1260 3064 1423 3131 veteribus

305 3192 465 3276 magistris
498 3228 538 3238 —
571 3192 728 3276 sophistas
751 3191 822 3255 dico
846 3228 886 3238 —
912 3191 952 3256 ob
975 3193 1104 3256 inanem
1128 3197 1160 3258 et
1182 3193 1343 3278 turgidam
1366 3212 1423 3258 na-

306 3324 411 3384 turam
434 3338 498 3383 nou
523 3321 670 3404 pepercit.

350 3443 446 3508 Libro
470 3444 508 3516 dc
529 3442 676 3508 Historia
702 3441 969 3529 Ooasmiteadffl)
991 3464 1098 3509 rerum
1122 3446 1290 3530 scriptores
1303 3446 1424 3511 derisui

306 3570 428 3653 habuit,
458 3572 515 3654 qui
546 3589 563 3634 e
584 3569 758 3635 Thucidide
781 3571 832 3635 vel
856 3573 882 3635 si
907 3573 979 3655 quis
1002 3573 1086 3636 alius
1108 3591 1166 3656 pro
1187 3571 1325 3656 perfecto
1349 3591 1424 3636 auc-

307 3704 376 3763 tore
409 3696 594 3779 habebatur,
628 3676 792 3781 pulchras¹
813 3697 1039 3782 descriptiones
1072 3703 1104 3762 et
1133 3699 1307 3762 sententias
1327 3696 1424 3761 furati

307 3842 359 3887 res
380 3822 463 3887 bello
484 3820 632 3885 Parthico
654 3821 855 3906 (roa-165)
876 3827 980 3906 gestas
1001 3822 1040 3886 ad
1060 3822 1247 3887 rhetoricam
1268 3822 1424 3887 declama·

307 3950 426 4012 tionem
448 3946 652 4032 exornabant.

311 4093 455 4102 ...-.—-—

342 4171 367 4232 l)
385 4172 436 4222 Cir.
453 4187 478 4236 p.
495 4169 594 4221 37-39
611 4185 682 4222 meaa
699 4171 766 4235 diss,
783 4171 828 4222 ubi
845 4171 968 4222 comicam
985 4171 1100 4222 Convivii
1116 4172 1241 4238 originem
1259 4172 1374 4223 tractavi.

342 4262 368 4324 Ξ)
387 4263 501 4328 Philops.
516 4261 550 4313 30
566 4269 591 4315 et
607 4261 638 4313 et
657 4264 798 4328 comparari
818 4267 900 4327 potest
917 4278 978 4314 curn
996 4264 1063 4314 Plin.
1081 4263 1126 4328 Ep.
1146 4263 1201 4328 Vll,
1219 4263 1259 4316 at.

342 4350 369 4420 3)
387 4352 459 4412 Quod
485 4369 549 4419 opus
572 4355 654 4414 eidem
679 4354 780 4404 Philoni
797 4359 836 4404 est
852 4355 952 4420 datum,
968 4355 1010 4406 cui
1029 4352 1157 4406 Lucienus
1177 4356 1329 4407 Conuiuium
1346 4357 1426 4408 misit.
