3310 5242
849 611 891 673 34

316 820 466 903 posuerit,
499 837 517 883 e
550 819 745 904 paragrapho
780 820 819 882 17
851 819 985 886 fortasse
1013 819 1095 884 effici
1117 824 1238 904 potest3
1264 821 1322 903 qui
1343 819 1432 883 locus

317 945 401 1030 apud
436 945 624 1028 scriptorem
656 945 744 1010 solus
774 945 947 1028 invonitur,
979 944 1035 1010 ubi
1064 965 1138 1010 cum
1170 945 1372 1011 observantia
1395 944 1434 1009 de

316 1068 538 1134 Romanorum
562 1069 679 1154 populo
705 1069 800 1134 verba
827 1070 909 1134 facit.
933 1070 1120 1136 Verisimile
1144 1090 1218 1155 ergo
1243 1072 1323 1134 mihi
1347 1070 1434 1133 vide-

317 1200 379 1278 tur,
401 1194 582 1260 Lucienum
606 1196 768 1280 Imagines
792 1217 876 1261 anno
903 1197 965 1260 162
991 1217 1027 1262 eo
1051 1200 1271 1283 composuisse
1292 1196 1434 1279 consilio,

319 1325 355 1385 ut
377 1341 433 1406 per
455 1324 590 1406 gratiam
613 1321 646 1385 L.
665 1321 743 1386 Veri
764 1322 924 1406 quoddam
940 1321 1136 1387 beneficium
1157 1322 1219 1387 sibi
1239 1324 1433 1406 impetraret.

363 1447 415 1510 Ad
444 1447 542 1511 finem
575 1447 719 1532 perduxi,
751 1467 833 1531 quae
856 1448 895 1512 de
918 1448 1083 1512 rhetoricis
1107 1446 1239 1511 Luciani
1262 1447 1376 1511 studiis
1399 1447 1432 1508 in

322 1573 464 1637 medium
489 1573 628 1657 proferre
647 1573 820 1655 habebam;
840 1575 873 1638 id
894 1576 998 1640 solum
1021 1580 1173 1661 superest,
1187 1580 1222 1640 ut
1233 1575 1435 1659 indagemus

319 1719 401 1784 quae
424 1720 526 1785 opera,
549 1701 623 1766 licet
646 1702 685 1765 ad
705 1703 841 1785 primam
854 1704 1034 1786 pertineant
1046 1706 1192 1786 aetatem,
1205 1701 1312 1785 aliqua
1322 1705 1435 1765 tamen

321 1847 363 1893 cx
385 1833 473 1911 parte
495 1847 570 1892 cum
594 1828 823 1910 posterioribus
845 1829 1060 1912 comparanda
1083 1830 1155 1894 sint.

336 1993 345 2002 ·
363 1953 403 2017 In
426 1953 650 2037 Aoocborsa’dc,
662 1974 725 2038 quo
738 1954 862 2038 dialogo
876 1953 972 2018 Solon
981 1957 1003 2036 1)
1018 1954 1211 2019 Graecorum
1226 1958 1327 2018 artem
1338 1972 1437 2037 gym-

321 2083 477 2146 nasticam
514 2103 532 2145 a
566 2081 701 2163 Scythae
731 2079 986 2144 cavillationibus
1008 2083 1125 2163 tuetur,
1147 2079 1207 2144 sub
1232 2079 1357 2143 barbari
1379 2078 1436 2143 ho-

321 2208 419 2272 minis
453 2209 605 2272 conviciis
637 2208 809 2272 sententias
832 2205 973 2271 Luciano
995 2208 1192 2291 gratissimos
1216 2206 1326 2270 audire
1353 2206 1437 2268 mihi

320 2333 438 2398 videor.
468 2333 531 2398 Hic
560 2339 669 2398 tamen
699 2333 832 2397 fortasse
865 2352 916 2397 me
939 2311 1119 2417 interpellet
1142 2334 1251 2414 lector,
1278 2335 1438 2414 ,interne-

321 2461 428 2523 civum
453 2464 489 2523 tu
512 2461 627 2524 satirae
649 2460 760 2524 latenti
782 2459 904 2523 bellum
926 2460 1083 2542 indixisti,
1105 2465 1136 2524 et
1159 2479 1254 2542 nunc,
1277 2479 1350 2523 oum
1372 2458 1433 2522 tibi

900 2585 929 2632 'i'

321 2605 401 2670 opus
432 2591 488 2670 est,
517 2590 626 2670 turpes
649 2584 728 2650 facis
749 2585 890 2650 indutias
954 2585 1058 2662 Quam
1083 2587 1297 2669 suspicionem
1321 2587 1355 2648 in
1380 2603 1435 2649 me

319 2712 430 2777 cadere
452 2712 606 2793 conced03
632 2713 747 2796 quodsi
768 2717 877 2776 tamen
899 2711 1078 2777 Lucienum
1103 2712 1224 2796 eadem,
1248 2712 1430 2797 quaeAna·

319 2838 439 2903 charsis
467 2840 502 2902 in
533 2842 641 2902 nostro
665 2839 789 2923 dialogo
813 2839 941 2916 deridet,
965 2839 1078 2902 eodem
1102 2844 1246 2922 tempore
1268 2837 1345 2902 alibi
1368 2858 1430 2902 suo

318 2967 449 3030 nomine
480 2966 709 3049 contempsisse
736 2965 1005 3047 demonstravere,
1027 2984 1135 3030 nonne
1156 2966 1275 3048 injuria
1297 2963 1430 3028 videbor

318 3092 453 3155 crimine
475 3094 643 3156 aecusatus
666 3110 735 3156 esse
757 3090 1016 3155 inconstantiae?

361 3216 401 3280 In
433 3215 595 3281 Herodoto
632 3215 687 3298 (8),
722 3236 820 3300 quam
856 3215 1083 3300 praefationem
1121 3218 1205 3281 inter
1232 3218 1309 3282 alias
1333 3237 1429 3301 supra

318 3345 514 3426 enumeravi,
532 3343 673 3407 rhetores
692 3342 786 3427 longe
805 3342 930 3406 athletis
950 3343 1112 3426 anteponit
1125 3341 1323 3424 (συρφετώδης
1340 3342 1432 3420 ὀχκὸς

317 3467 458 3550 ἀθλητῶν)
484 3473 515 3533 et
537 3470 571 3531 in
595 3468 718 3552 dialogo
743 3468 781 3533 de
804 3467 976 3532 Saltatione
1000 3469 1065 3551 (71)
1088 3468 1189 3532 multo
1211 3469 1314 3552 magis
1336 3469 1433 3532 actic-

318 3612 393 3657 nem
425 3595 590 3657 mimicam
623 3598 763 3677 spectare
792 3593 871 3676 vult,
903 3614 1002 3677 quam
1038 3591 1236 3665 πυκτεύοντας
1271 3591 1434 3665 νεανίσκους

316 3718 381 3800 ὃροῖν
404 3715 455 3782 καὶ
478 3715 585 3796 αἵματι
605 3717 753 3800 ῥεομένους
776 3716 828 3782 καὶ
852 3717 1035 3790 παλαίοντος
1059 3719 1089 3781 ἐν
1112 3715 1196 3783 κόνει.

360 3846 485 3911 Verum
509 3866 574 3911 non
597 3847 704 3912 solum
723 3845 885 3911 Lucianus
903 3847 1009 3911 rhetor
1028 3848 1169 3929 corporis
1189 3847 1430 3911 exercitationes

349 4179 374 4245 i)
391 4182 467 4234 Solon
484 4185 572 4233 tamen
589 4180 651 4232 huic
667 4179 749 4232 cilicio
767 4195 818 4232 non
835 4185 895 4245 apta
911 4193 1019 4244 persona
1039 4179 1154 4243 videtur;
1172 4179 1267 4245 legitur
1283 4180 1354 4230 enim
1362 4180 1431 4242 apud

316 4274 415 4325 Diodcr.
441 4273 487 4334 lx,
510 4272 540 4323 5:
558 4274 571 4322 d
588 4275 665 4322 Σόλων
687 4267 1014 4334 tyriasonensium
1032 4270 1074 4319 καὶ
1092 4271 1198 4327 crudaria
1214 4271 1256 4320 καὶ
1271 4272 1326 4328 ποῦς
1342 4269 1432 4326 ἄλλους

317 4364 424 4424 ἀθλητὰς
441 4363 515 4426 μηδὲν
535 4365 661 4430 ἀξιόλογον
678 4363 863 4428 συμβάλλεσθαι
879 4365 933 4420 ταῖς
950 4365 1039 4413 πόλιον
1056 4363 1110 4422 πρὸς
1128 4361 1252 4424 σωτηρίαν.
