<?xml version="1.0" encoding="UTF-8"?>
<!DOCTYPE html PUBLIC "-//W3C//DTD XHTML 1.0 Transitional//EN"
    "http://www.w3.org/TR/xhtml1/DTD/xhtml1-transitional.dtd">
<html xmlns="http://www.w3.org/1999/xhtml" xml:lang="en" lang="en">
 <head>
  <title>
</title>
<meta http-equiv="Content-Type" content="text/html;charset=utf-8" />
  <meta name='ocr-system' content='tesseract 3.04.00' />
  <meta name='ocr-capabilities' content='ocr_page ocr_carea ocr_par ocr_line ocrx_word'/>
</head>
<body>
  <div class='ocr_page' id='page_1' title='image "./studialucianea00boldgoog_0063.png"; bbox 0 0 3310 5242; ppageno 0'>
   <div class='ocr_carea' id='block_1_1' title="bbox 816 595 951 656">
    <p class='ocr_par' dir='ltr' id='par_1_1' title="bbox 816 595 951 656">
     <span class='ocr_line' id='line_1_1' title="bbox 816 595 951 656; baseline 0 0"><span class='ocrx_word' id='word_1_1' title='bbox 816 595 951 656; x_wconf 84' lang='lat'>42·</span> 
     </span>
    </p>
   </div>
   <div class='ocr_carea' id='block_1_2' title="bbox 279 802 1398 1900">
    <p class='ocr_par' dir='ltr' id='par_1_2' title="bbox 279 802 1397 1247">
     <span class='ocr_line' id='line_1_2' title="bbox 333 802 1395 888; baseline -0.001 -19"><span class='ocrx_word' id='word_1_2' title='bbox 333 803 444 888; x_wconf 81' lang='lat' dir='ltr'>„Mac”,</span> <span class='ocrx_word' id='word_1_3' title='bbox 478 806 585 888; x_wconf 90' lang='lat' dir='ltr'>inquit</span> <span class='ocrx_word' id='word_1_4' title='bbox 618 803 769 888; x_wconf 71' lang='lat' dir='ltr'>Kockius</span> <span class='ocrx_word' id='word_1_5' title='bbox 807 805 858 887; x_wconf 87' lang='lat' dir='ltr'>„in</span> <span class='ocrx_word' id='word_1_6' title='bbox 893 804 952 867; x_wconf 90' lang='lat' dir='ltr'>hoo</span> <span class='ocrx_word' id='word_1_7' title='bbox 981 802 1115 868; x_wconf 88' lang='lat' dir='ltr'>Luciani</span> <span class='ocrx_word' id='word_1_8' title='bbox 1138 807 1170 868; x_wconf 93' lang='lat' dir='ltr'>et</span> <span class='ocrx_word' id='word_1_9' title='bbox 1192 803 1395 888; x_wconf 86' lang='lat' dir='ltr'>Alciphronis</span> 
     </span>
     <span class='ocr_line' id='line_1_3' title="bbox 285 929 1397 1014; baseline -0.002 -19"><span class='ocrx_word' id='word_1_10' title='bbox 285 932 454 995; x_wconf 88' lang='lat' dir='ltr'>communi</span> <span class='ocrx_word' id='word_1_11' title='bbox 477 931 563 995; x_wconf 91' lang='lat' dir='ltr'>fonte</span> <span class='ocrx_word' id='word_1_12' title='bbox 582 931 776 994; x_wconf 88' lang='lat' dir='ltr'>restituendo</span> <span class='ocrx_word' id='word_1_13' title='bbox 797 949 851 994; x_wconf 91' lang='lat' dir='ltr'>me</span> <span class='ocrx_word' id='word_1_14' title='bbox 863 929 957 1014; x_wconf 87' lang='lat' dir='ltr'>paulo</span> <span class='ocrx_word' id='word_1_15' title='bbox 971 929 1123 994; x_wconf 88' lang='lat' dir='ltr'>audacius</span> <span class='ocrx_word' id='word_1_16' title='bbox 1135 931 1246 1013; x_wconf 84' lang='lat' dir='ltr'>egisse,</span> <span class='ocrx_word' id='word_1_17' title='bbox 1256 934 1397 994; x_wconf 87' lang='lat' dir='ltr'>attamen</span> 
     </span>
     <span class='ocr_line' id='line_1_4' title="bbox 281 1055 1396 1140; baseline 0.001 -21"><span class='ocrx_word' id='word_1_18' title='bbox 281 1056 334 1120; x_wconf 87' lang='lat' dir='ltr'>alii</span> <span class='ocrx_word' id='word_1_19' title='bbox 363 1057 441 1119; x_wconf 91' lang='lat' dir='ltr'>mihi</span> <span class='ocrx_word' id='word_1_20' title='bbox 465 1060 639 1140; x_wconf 90' lang='lat' dir='ltr'>suppetunt</span> <span class='ocrx_word' id='word_1_21' title='bbox 661 1057 732 1138; x_wconf 83' lang='lat' dir='ltr'>loci,</span> <span class='ocrx_word' id='word_1_22' title='bbox 755 1075 894 1139; x_wconf 91' lang='lat' dir='ltr'>quorum</span> <span class='ocrx_word' id='word_1_23' title='bbox 918 1055 1189 1120; x_wconf 76' lang='lat' dir='ltr'>necessitudinem</span> <span class='ocrx_word' id='word_1_24' title='bbox 1211 1075 1311 1120; x_wconf 92' lang='lat' dir='ltr'>nemo</span> <span class='ocrx_word' id='word_1_25' title='bbox 1332 1055 1396 1120; x_wconf 86' lang='lat' dir='ltr'>for-</span> 
     </span>
     <span class='ocr_line' id='line_1_5' title="bbox 279 1180 756 1247; baseline -0.004 -1"><span class='ocrx_word' id='word_1_26' title='bbox 279 1184 394 1247; x_wconf 84' lang='lat' dir='ltr'>tuitam</span> <span class='ocrx_word' id='word_1_27' title='bbox 418 1185 585 1246; x_wconf 86' lang='lat' dir='ltr'>nominare</span> <span class='ocrx_word' id='word_1_28' title='bbox 611 1180 756 1246; x_wconf 88' lang='lat' dir='ltr'>audeat.”</span> 
     </span>
    </p>

    <p class='ocr_par' dir='ltr' id='par_1_3' title="bbox 284 1307 1397 1501">
     <span class='ocr_line' id='line_1_6' title="bbox 324 1307 1397 1395; baseline 0 -21"><span class='ocrx_word' id='word_1_29' title='bbox 324 1309 500 1395; x_wconf 79' lang='lat' dir='ltr'>Diligenter</span> <span class='ocrx_word' id='word_1_30' title='bbox 533 1312 631 1395; x_wconf 82' lang='lat' dir='ltr'>igitur</span> <span class='ocrx_word' id='word_1_31' title='bbox 665 1311 902 1392; x_wconf 82' lang='lat' dir='ltr'>examinemus,</span> <span class='ocrx_word' id='word_1_32' title='bbox 938 1328 1019 1392; x_wconf 88' lang='lat' dir='ltr'>quae</span> <span class='ocrx_word' id='word_1_33' title='bbox 1049 1307 1191 1374; x_wconf 86' lang='lat' dir='ltr'>Kockius</span> <span class='ocrx_word' id='word_1_34' title='bbox 1223 1329 1397 1394; x_wconf 81' lang='lat' dir='ltr'>congruere</span> 
     </span>
     <span class='ocr_line' id='line_1_7' title="bbox 284 1438 462 1501; baseline -0.011 0"><span class='ocrx_word' id='word_1_35' title='bbox 284 1438 462 1501; x_wconf 85' lang='lat' dir='ltr'>contendit!</span> 
     </span>
    </p>

    <p class='ocr_par' dir='ltr' id='par_1_4' title="bbox 281 1560 1398 1900">
     <span class='ocr_line' id='line_1_8' title="bbox 325 1560 1395 1648; baseline 0 -22"><span class='ocrx_word' id='word_1_36' title='bbox 325 1563 478 1626; x_wconf 59' lang='lat' dir='ltr'>‘Primum</span> <span class='ocrx_word' id='word_1_37' title='bbox 504 1560 668 1626; x_wconf 82' lang='lat' dir='ltr'>Donatum</span> <span class='ocrx_word' id='word_1_38' title='bbox 693 1561 794 1626; x_wconf 83' lang='lat' dir='ltr'>adfert</span> <span class='ocrx_word' id='word_1_39' title='bbox 817 1561 856 1624; x_wconf 90' lang='lat' dir='ltr'>ad</span> <span class='ocrx_word' id='word_1_40' title='bbox 880 1560 1017 1625; x_wconf 85' lang='lat' dir='ltr'>Terentii</span> <span class='ocrx_word' id='word_1_41' title='bbox 1039 1561 1136 1626; x_wconf 81' lang='lat' dir='ltr'>verba</span> <span class='ocrx_word' id='word_1_42' title='bbox 1162 1581 1239 1648; x_wconf 78' lang='lat' dir='ltr'>„ego</span> <span class='ocrx_word' id='word_1_43' title='bbox 1264 1563 1395 1627; x_wconf 87' lang='lat' dir='ltr'>deorum</span> 
     </span>
     <span class='ocr_line' id='line_1_9' title="bbox 281 1686 1397 1773; baseline 0 -21"><span class='ocrx_word' id='word_1_44' title='bbox 281 1691 380 1753; x_wconf 83' lang='lat' dir='ltr'>vitam</span> <span class='ocrx_word' id='word_1_45' title='bbox 413 1693 577 1772; x_wconf 89' lang='lat' dir='ltr'>eapropter</span> <span class='ocrx_word' id='word_1_46' title='bbox 599 1690 825 1772; x_wconf 90' lang='lat' dir='ltr'>sempiternam</span> <span class='ocrx_word' id='word_1_47' title='bbox 851 1706 920 1751; x_wconf 90' lang='lat' dir='ltr'>esse</span> <span class='ocrx_word' id='word_1_48' title='bbox 943 1686 1084 1764; x_wconf 87' lang='lat' dir='ltr'>arbitror,</span> <span class='ocrx_word' id='word_1_49' title='bbox 1110 1688 1195 1771; x_wconf 92' lang='lat' dir='ltr'>quod</span> <span class='ocrx_word' id='word_1_50' title='bbox 1219 1689 1397 1773; x_wconf 87' lang='lat' dir='ltr'>voluptates</span> 
     </span>
     <span class='ocr_line' id='line_1_10' title="bbox 284 1814 1398 1900; baseline -0.001 -21"><span class='ocrx_word' id='word_1_51' title='bbox 284 1834 395 1879; x_wconf 87' lang='lat' dir='ltr'>eorum</span> <span class='ocrx_word' id='word_1_52' title='bbox 420 1817 563 1900; x_wconf 89' lang='lat' dir='ltr'>propriae</span> <span class='ocrx_word' id='word_1_53' title='bbox 586 1815 682 1879; x_wconf 92' lang='lat' dir='ltr'>sunt’&#39;</span> <span class='ocrx_word' id='word_1_54' title='bbox 706 1815 801 1899; x_wconf 83' lang='lat' dir='ltr'>(Mun.</span> <span class='ocrx_word' id='word_1_55' title='bbox 828 1815 856 1877; x_wconf 90' lang='lat'>5.</span> <span class='ocrx_word' id='word_1_56' title='bbox 869 1814 898 1876; x_wconf 90' lang='lat'>5.</span> <span class='ocrx_word' id='word_1_57' title='bbox 913 1816 943 1898; x_wconf 87' lang='lat'>3)</span> <span class='ocrx_word' id='word_1_58' title='bbox 969 1815 1176 1878; x_wconf 87' lang='lat' dir='ltr'>adnotantem</span> <span class='ocrx_word' id='word_1_59' title='bbox 1204 1815 1303 1896; x_wconf 87' lang='lat' dir='ltr'>„hanc</span> <span class='ocrx_word' id='word_1_60' title='bbox 1327 1834 1398 1880; x_wconf 87' lang='lat' dir='ltr'>sen-</span> 
     </span>
    </p>
   </div>
   <div class='ocr_carea' id='block_1_3' title="bbox 282 1915 1185 2008">
    <p class='ocr_par' dir='ltr' id='par_1_5' title="bbox 282 1915 1185 2008">
     <span class='ocr_line' id='line_1_11' title="bbox 282 1915 1185 2008; baseline -0.004 -1"><span class='ocrx_word' id='word_1_61' title='bbox 282 1944 414 2008; x_wconf 90' lang='lat' dir='ltr'>tentiam</span> <span class='ocrx_word' id='word_1_62' title='bbox 439 1947 539 2006; x_wconf 87' lang='lat' dir='ltr'>totam</span> <span class='ocrx_word' id='word_1_63' title='bbox 563 1915 738 2006; x_wconf 86' lang='lat' dir='ltr'>Menandri</span> <span class='ocrx_word' id='word_1_64' title='bbox 753 1942 791 2006; x_wconf 93' lang='lat' dir='ltr'>de</span> <span class='ocrx_word' id='word_1_65' title='bbox 813 1941 971 2005; x_wconf 80' lang='lat' dir='ltr'>Eunucho</span> <span class='ocrx_word' id='word_1_66' title='bbox 994 1940 1185 2007; x_wconf 85' lang='lat' dir='ltr'>transtulit.”</span> 
     </span>
    </p>
   </div>
   <div class='ocr_carea' id='block_1_4' title="bbox 283 2065 1397 4425">
    <p class='ocr_par' dir='ltr' id='par_1_6' title="bbox 283 2065 1397 2657">
     <span class='ocr_line' id='line_1_12' title="bbox 326 2065 1395 2153; baseline -0.003 -21"><span class='ocrx_word' id='word_1_67' title='bbox 326 2067 449 2133; x_wconf 89' lang='lat' dir='ltr'>Deinde</span> <span class='ocrx_word' id='word_1_68' title='bbox 469 2069 553 2153; x_wconf 90' lang='lat' dir='ltr'>apud</span> <span class='ocrx_word' id='word_1_69' title='bbox 574 2066 905 2151; x_wconf 84' lang='lat' dir='ltr'>Aristidem,Luciani</span> <span class='ocrx_word' id='word_1_70' title='bbox 917 2067 1089 2150; x_wconf 87' lang='lat' dir='ltr'>aequalem,</span> <span class='ocrx_word' id='word_1_71' title='bbox 1101 2065 1244 2130; x_wconf 88' lang='lat' dir='ltr'>Kockius</span> <span class='ocrx_word' id='word_1_72' title='bbox 1255 2067 1395 2130; x_wconf 88' lang='lat' dir='ltr'>invenit:</span> 
     </span>
     <span class='ocr_line' id='line_1_13' title="bbox 283 2189 1397 2274; baseline -0.004 -15"><span class='ocrx_word' id='word_1_73' title='bbox 283 2195 332 2260; x_wconf 83' lang='grc' dir='ltr'>οὐκ</span> <span class='ocrx_word' id='word_1_74' title='bbox 368 2191 401 2268; x_wconf 78' lang='grc' dir='ltr'>ἕξ</span> <span class='ocrx_word' id='word_1_75' title='bbox 433 2190 492 2258; x_wconf 71' lang='grc' dir='ltr'><em>ἴσον</em></span> <span class='ocrx_word' id='word_1_76' title='bbox 527 2195 567 2256; x_wconf 84' lang='grc' dir='ltr'>τά</span> <span class='ocrx_word' id='word_1_77' title='bbox 601 2191 770 2274; x_wconf 73' lang='grc' dir='ltr'><em>πράγματα</em></span> <span class='ocrx_word' id='word_1_78' title='bbox 803 2191 827 2256; x_wconf 80' lang='grc' dir='ltr'>οἱ</span> <span class='ocrx_word' id='word_1_79' title='bbox 862 2191 916 2256; x_wconf 75' lang='grc' dir='ltr'>θεοὶ</span> <span class='ocrx_word' id='word_1_80' title='bbox 950 2191 1034 2272; x_wconf 79' lang='grc' dir='ltr'><em>σφίσι</em></span> <span class='ocrx_word' id='word_1_81' title='bbox 1063 2192 1091 2254; x_wconf 86' lang='grc' dir='ltr'>τ’</span> <span class='ocrx_word' id='word_1_82' title='bbox 1123 2192 1222 2264; x_wconf 74' lang='grc' dir='ltr'><em>αὐτοῖς</em></span> <span class='ocrx_word' id='word_1_83' title='bbox 1255 2189 1306 2256; x_wconf 74' lang='grc' dir='ltr'>καὶ</span> <span class='ocrx_word' id='word_1_84' title='bbox 1338 2199 1397 2265; x_wconf 76' lang='grc' dir='ltr'><em>τοῖς</em></span> 
     </span>
     <span class='ocr_line' id='line_1_14' title="bbox 286 2315 1396 2400; baseline -0.002 -16"><span class='ocrx_word' id='word_1_85' title='bbox 286 2319 438 2400; x_wconf 77' lang='grc' dir='ltr'><em>ἀνθρώποις</em></span> <span class='ocrx_word' id='word_1_86' title='bbox 463 2317 589 2396; x_wconf 74' lang='grc' dir='ltr'><em>ἔνειμαν,</em></span> <span class='ocrx_word' id='word_1_87' title='bbox 614 2319 685 2382; x_wconf 73' lang='grc' dir='ltr'>ἀλλ’</span> <span class='ocrx_word' id='word_1_88' title='bbox 709 2316 791 2382; x_wconf 71' lang='grc' dir='ltr'><em>αὐτοὶ</em></span> <span class='ocrx_word' id='word_1_89' title='bbox 815 2318 878 2395; x_wconf 73' lang='grc' dir='ltr'>μὲν,</span> <span class='ocrx_word' id='word_1_90' title='bbox 904 2318 952 2382; x_wconf 87' lang='grc' dir='ltr'>άτ’</span> <span class='ocrx_word' id='word_1_91' title='bbox 974 2315 1052 2390; x_wconf 68' lang='grc' dir='ltr'><em>ὄντες</em></span> <span class='ocrx_word' id='word_1_92' title='bbox 1071 2318 1218 2398; x_wconf 81' lang='grc' dir='ltr'><em>άάάνατοι,</em></span> <span class='ocrx_word' id='word_1_93' title='bbox 1239 2315 1290 2382; x_wconf 72' lang='grc' dir='ltr'>καὶ</span> <span class='ocrx_word' id='word_1_94' title='bbox 1312 2316 1396 2398; x_wconf 80' lang='grc' dir='ltr'><em>κύριοι</em></span> 
     </span>
     <span class='ocr_line' id='line_1_15' title="bbox 284 2442 1396 2527; baseline -0.003 -16"><span class='ocrx_word' id='word_1_95' title='bbox 284 2450 340 2511; x_wconf 81' lang='grc' dir='ltr'>τῶν</span> <span class='ocrx_word' id='word_1_96' title='bbox 369 2444 515 2520; x_wconf 83' lang='grc' dir='ltr'><em>άτάντων,</em></span> <span class='ocrx_word' id='word_1_97' title='bbox 548 2442 710 2518; x_wconf 79' lang='grc' dir='ltr'><em>άάανάτους</em></span> <span class='ocrx_word' id='word_1_98' title='bbox 740 2442 791 2510; x_wconf 71' lang='grc' dir='ltr'>καὶ</span> <span class='ocrx_word' id='word_1_99' title='bbox 815 2443 870 2517; x_wconf 83' lang='grc' dir='ltr'>τάς</span> <span class='ocrx_word' id='word_1_100' title='bbox 895 2444 1037 2524; x_wconf 78' lang='grc' dir='ltr'><em>εὐτυχίας</em></span> <span class='ocrx_word' id='word_1_101' title='bbox 1062 2442 1189 2524; x_wconf 80' lang='grc' dir='ltr'><em>ἔχουσιν.</em></span> <span class='ocrx_word' id='word_1_102' title='bbox 1214 2445 1281 2527; x_wconf 80' lang='grc' dir='ltr'>(Εά.</span> <span class='ocrx_word' id='word_1_103' title='bbox 1301 2444 1396 2508; x_wconf 86' lang='lat' dir='ltr'>Dind.</span> 
     </span>
     <span class='ocr_line' id='line_1_16' title="bbox 284 2573 418 2657; baseline -0.007 -21"><span class='ocrx_word' id='word_1_104' title='bbox 284 2573 310 2657; x_wconf 80' lang='grc' dir='ltr'>Ι,</span> <span class='ocrx_word' id='word_1_105' title='bbox 336 2573 418 2654; x_wconf 82' lang='grc'>592).</span> 
     </span>
    </p>

    <p class='ocr_par' dir='ltr' id='par_1_7' title="bbox 284 2695 1397 2910">
     <span class='ocr_line' id='line_1_17' title="bbox 328 2695 1397 2781; baseline -0.005 -18"><span class='ocrx_word' id='word_1_106' title='bbox 328 2697 451 2775; x_wconf 77' lang='lat' dir='ltr'>Quibus</span> <span class='ocrx_word' id='word_1_107' title='bbox 474 2700 553 2762; x_wconf 90' lang='lat' dir='ltr'>locis</span> <span class='ocrx_word' id='word_1_108' title='bbox 575 2701 658 2762; x_wconf 88' lang='lat' dir='ltr'>inter</span> <span class='ocrx_word' id='word_1_109' title='bbox 681 2717 715 2762; x_wconf 93' lang='lat' dir='ltr'>se</span> <span class='ocrx_word' id='word_1_110' title='bbox 740 2697 937 2781; x_wconf 74' lang='lat' dir='ltr'>comparatio,</span> <span class='ocrx_word' id='word_1_111' title='bbox 963 2696 1081 2778; x_wconf 87' lang='lat' dir='ltr'>„habeo</span> <span class='ocrx_word' id='word_1_112' title='bbox 1105 2695 1212 2760; x_wconf 86' lang='lat' dir='ltr'>fures’&#39;</span> <span class='ocrx_word' id='word_1_113' title='bbox 1237 2697 1397 2760; x_wconf 85' lang='lat' dir='ltr'>exclamat</span> 
     </span>
     <span class='ocr_line' id='line_1_18' title="bbox 284 2823 1218 2910; baseline -0.005 -22"><span class='ocrx_word' id='word_1_114' title='bbox 284 2824 434 2901; x_wconf 84' lang='lat' dir='ltr'>Kockius,</span> <span class='ocrx_word' id='word_1_115' title='bbox 458 2829 488 2888; x_wconf 91' lang='lat' dir='ltr'>et</span> <span class='ocrx_word' id='word_1_116' title='bbox 511 2823 723 2888; x_wconf 90' lang='lat' dir='ltr'>Menandrum</span> <span class='ocrx_word' id='word_1_117' title='bbox 739 2825 886 2910; x_wconf 17' lang='lat' dir='ltr'>*restituit</span> <span class='ocrx_word' id='word_1_118' title='bbox 908 2825 942 2886; x_wconf 92' lang='lat' dir='ltr'>in</span> <span class='ocrx_word' id='word_1_119' title='bbox 966 2823 1218 2906; x_wconf 87' lang='lat' dir='ltr'>possessionem:</span> 
     </span>
    </p>

    <p class='ocr_par' dir='ltr' id='par_1_8' title="bbox 413 2944 1200 3532">
     <span class='ocr_line' id='line_1_19' title="bbox 413 2944 1141 3029; baseline -0.01 -13"><span class='ocrx_word' id='word_1_120' title='bbox 413 3007 415 3016; x_wconf 80' lang='grc'>,</span> <span class='ocrx_word' id='word_1_121' title='bbox 460 2949 511 3012; x_wconf 79' lang='grc' dir='ltr'>οὐκ</span> <span class='ocrx_word' id='word_1_122' title='bbox 534 2945 567 3016; x_wconf 71' lang='grc' dir='ltr'>ἐξ</span> <span class='ocrx_word' id='word_1_123' title='bbox 587 2944 648 3011; x_wconf 75' lang='grc' dir='ltr'><em>ἴσου</em></span> <span class='ocrx_word' id='word_1_124' title='bbox 672 2947 711 3010; x_wconf 84' lang='grc' dir='ltr'>τά</span> <span class='ocrx_word' id='word_1_125' title='bbox 734 2946 889 3027; x_wconf 75' lang='grc' dir='ltr'>πράγμαθ’</span> <span class='ocrx_word' id='word_1_126' title='bbox 914 2947 937 3011; x_wconf 85' lang='grc' dir='ltr'>οἱ</span> <span class='ocrx_word' id='word_1_127' title='bbox 963 2945 1016 3011; x_wconf 74' lang='grc' dir='ltr'>θεοὶ</span> <span class='ocrx_word' id='word_1_128' title='bbox 1041 2946 1141 3029; x_wconf 72' lang='grc' dir='ltr'><em>σφίσιν</em></span> 
     </span>
     <span class='ocr_line' id='line_1_20' title="bbox 461 3070 1200 3152; baseline -0.001 -15"><span class='ocrx_word' id='word_1_129' title='bbox 461 3074 562 3145; x_wconf 77' lang='grc' dir='ltr'><em>αὐτοῖς</em></span> <span class='ocrx_word' id='word_1_130' title='bbox 585 3073 613 3136; x_wconf 86' lang='grc' dir='ltr'>τ’</span> <span class='ocrx_word' id='word_1_131' title='bbox 637 3070 752 3149; x_wconf 72' lang='grc' dir='ltr'><em>ἔνειμαν</em></span> <span class='ocrx_word' id='word_1_132' title='bbox 776 3070 827 3136; x_wconf 76' lang='grc' dir='ltr'>καὶ</span> <span class='ocrx_word' id='word_1_133' title='bbox 851 3071 972 3152; x_wconf 76' lang='grc' dir='ltr'><em>βροτοῖς·</em></span> <span class='ocrx_word' id='word_1_134' title='bbox 996 3072 1066 3138; x_wconf 65' lang='lat' dir='ltr'>aaa</span> <span class='ocrx_word' id='word_1_135' title='bbox 1090 3071 1200 3137; x_wconf 83' lang='grc' dir='ltr'><em>αὐτίκα</em></span> 
     </span>
     <span class='ocr_line' id='line_1_21' title="bbox 463 3195 1066 3279; baseline -0.003 -14"><span class='ocrx_word' id='word_1_136' title='bbox 463 3197 547 3265; x_wconf 76' lang='grc' dir='ltr'><em>αὐτοὶ</em></span> <span class='ocrx_word' id='word_1_137' title='bbox 571 3198 625 3276; x_wconf 74' lang='grc' dir='ltr'>μὲν</span> <span class='ocrx_word' id='word_1_138' title='bbox 648 3195 726 3271; x_wconf 73' lang='grc' dir='ltr'><em>ὄντες</em></span> <span class='ocrx_word' id='word_1_139' title='bbox 751 3196 888 3263; x_wconf 81' lang='grc' dir='ltr'><em>άάάνατοι</em></span> <span class='ocrx_word' id='word_1_140' title='bbox 910 3197 958 3263; x_wconf 73' lang='grc' dir='ltr'>καὶ</span> <span class='ocrx_word' id='word_1_141' title='bbox 983 3197 1066 3279; x_wconf 87' lang='grc' dir='ltr'><em>κάριοι</em></span> 
     </span>
     <span class='ocr_line' id='line_1_22' title="bbox 461 3323 1117 3403; baseline -0.005 -12"><span class='ocrx_word' id='word_1_142' title='bbox 461 3323 694 3401; x_wconf 75' lang='grc' dir='ltr'><em>ἁπαξαπάντων,</em></span> <span class='ocrx_word' id='word_1_143' title='bbox 719 3323 880 3398; x_wconf 79' lang='grc' dir='ltr'><em>άάανάτους</em></span> <span class='ocrx_word' id='word_1_144' title='bbox 906 3323 1117 3403; x_wconf 74' lang='grc' dir='ltr'><em>μάλιστακαὶ</em></span> 
     </span>
     <span class='ocr_line' id='line_1_23' title="bbox 461 3450 788 3532; baseline -0.006 -14"><span class='ocrx_word' id='word_1_145' title='bbox 461 3453 517 3526; x_wconf 74' lang='grc' dir='ltr'>τάς</span> <span class='ocrx_word' id='word_1_146' title='bbox 540 3451 642 3526; x_wconf 72' lang='grc' dir='ltr'><em>ἡδονάς</em></span> <span class='ocrx_word' id='word_1_147' title='bbox 665 3450 788 3532; x_wconf 81' lang='grc' dir='ltr'><em>ἔχουσιν.</em></span> 
     </span>
    </p>

    <p class='ocr_par' dir='ltr' id='par_1_9' title="bbox 285 3580 1397 4298">
     <span class='ocr_line' id='line_1_24' title="bbox 329 3580 1396 3664; baseline -0.007 -16"><span class='ocrx_word' id='word_1_148' title='bbox 329 3582 442 3648; x_wconf 82' lang='lat' dir='ltr'>Statim</span> <span class='ocrx_word' id='word_1_149' title='bbox 478 3586 586 3645; x_wconf 88' lang='lat' dir='ltr'>tamen</span> <span class='ocrx_word' id='word_1_150' title='bbox 621 3599 778 3664; x_wconf 86' lang='lat' dir='ltr'>opponam</span> <span class='ocrx_word' id='word_1_151' title='bbox 812 3599 864 3644; x_wconf 89' lang='lat' dir='ltr'>me</span> <span class='ocrx_word' id='word_1_152' title='bbox 894 3580 979 3664; x_wconf 90' lang='lat' dir='ltr'>apud</span> <span class='ocrx_word' id='word_1_153' title='bbox 1011 3583 1186 3663; x_wconf 88' lang='lat' dir='ltr'>utrumque</span> <span class='ocrx_word' id='word_1_154' title='bbox 1210 3580 1396 3663; x_wconf 88' lang='lat' dir='ltr'>scriptorem</span> 
     </span>
     <span class='ocr_line' id='line_1_25' title="bbox 286 3706 1397 3791; baseline -0.004 -19"><span class='ocrx_word' id='word_1_155' title='bbox 286 3711 365 3773; x_wconf 92' lang='lat' dir='ltr'>nihil</span> <span class='ocrx_word' id='word_1_156' title='bbox 388 3727 561 3773; x_wconf 91' lang='lat' dir='ltr'>commune</span> <span class='ocrx_word' id='word_1_157' title='bbox 583 3709 768 3791; x_wconf 86' lang='lat' dir='ltr'>repperisse,</span> <span class='ocrx_word' id='word_1_158' title='bbox 791 3708 852 3771; x_wconf 86' lang='lat' dir='ltr'>nisi</span> <span class='ocrx_word' id='word_1_159' title='bbox 879 3707 964 3790; x_wconf 92' lang='lat' dir='ltr'>quod</span> <span class='ocrx_word' id='word_1_160' title='bbox 985 3708 1118 3771; x_wconf 93' lang='lat' dir='ltr'>deorum</span> <span class='ocrx_word' id='word_1_161' title='bbox 1133 3706 1311 3789; x_wconf 88' lang='lat' dir='ltr'>voluptates</span> <span class='ocrx_word' id='word_1_162' title='bbox 1325 3725 1397 3789; x_wconf 91' lang='lat' dir='ltr'>pro·</span> 
     </span>
     <span class='ocr_line' id='line_1_26' title="bbox 285 3831 1394 3921; baseline -0.004 -23"><span class='ocrx_word' id='word_1_163' title='bbox 285 3837 372 3921; x_wconf 86' lang='lat' dir='ltr'>priae</span> <span class='ocrx_word' id='word_1_164' title='bbox 405 3837 474 3899; x_wconf 89' lang='lat' dir='ltr'>sive</span> <span class='ocrx_word' id='word_1_165' title='bbox 506 3831 645 3898; x_wconf 79' lang='grc' dir='ltr'><em>άάάνατοι</em></span> <span class='ocrx_word' id='word_1_166' title='bbox 678 3838 807 3898; x_wconf 87' lang='lat' dir='ltr'>vocatae</span> <span class='ocrx_word' id='word_1_167' title='bbox 841 3838 924 3897; x_wconf 90' lang='lat' dir='ltr'>sunt.</span> <span class='ocrx_word' id='word_1_168' title='bbox 957 3832 1131 3896; x_wconf 88' lang='lat' dir='ltr'>Menander</span> <span class='ocrx_word' id='word_1_169' title='bbox 1154 3833 1240 3896; x_wconf 87' lang='lat' dir='ltr'>enim</span> <span class='ocrx_word' id='word_1_170' title='bbox 1265 3851 1394 3895; x_wconf 88' lang='lat' dir='ltr'>causam</span> 
     </span>
     <span class='ocr_line' id='line_1_27' title="bbox 286 3959 1397 4045; baseline -0.004 -19"><span class='ocrx_word' id='word_1_171' title='bbox 286 3963 383 4045; x_wconf 85' lang='lat' dir='ltr'>affert,</span> <span class='ocrx_word' id='word_1_172' title='bbox 418 3980 515 4045; x_wconf 88' lang='lat' dir='ltr'>quare</span> <span class='ocrx_word' id='word_1_173' title='bbox 546 3961 679 4025; x_wconf 90' lang='lat' dir='ltr'>deorum</span> <span class='ocrx_word' id='word_1_174' title='bbox 712 3962 777 4024; x_wconf 88' lang='lat' dir='ltr'>vita</span> <span class='ocrx_word' id='word_1_175' title='bbox 808 3979 919 4024; x_wconf 89' lang='lat' dir='ltr'>revera</span> <span class='ocrx_word' id='word_1_176' title='bbox 943 3961 1135 4043; x_wconf 88' lang='lat' dir='ltr'>sempiterna</span> <span class='ocrx_word' id='word_1_177' title='bbox 1158 3961 1215 4039; x_wconf 80' lang='lat' dir='ltr'>sit3</span> <span class='ocrx_word' id='word_1_178' title='bbox 1240 3959 1397 4023; x_wconf 85' lang='lat' dir='ltr'>Aristides</span> 
     </span>
     <span class='ocr_line' id='line_1_28' title="bbox 286 4083 1397 4171; baseline -0.005 -20"><span class='ocrx_word' id='word_1_179' title='bbox 286 4107 361 4152; x_wconf 85' lang='lat' dir='ltr'>vero</span> <span class='ocrx_word' id='word_1_180' title='bbox 384 4089 528 4171; x_wconf 86' lang='lat' dir='ltr'>queritur</span> <span class='ocrx_word' id='word_1_181' title='bbox 545 4087 714 4149; x_wconf 86' lang='lat' dir='ltr'>hominum</span> <span class='ocrx_word' id='word_1_182' title='bbox 735 4087 914 4170; x_wconf 82' lang='lat' dir='ltr'>voluptates</span> <span class='ocrx_word' id='word_1_183' title='bbox 928 4085 1030 4148; x_wconf 92' lang='lat' dir='ltr'>multo</span> <span class='ocrx_word' id='word_1_184' title='bbox 1042 4083 1124 4146; x_wconf 85' lang='lat' dir='ltr'>infra</span> <span class='ocrx_word' id='word_1_185' title='bbox 1137 4083 1268 4148; x_wconf 89' lang='lat' dir='ltr'>deorum</span> <span class='ocrx_word' id='word_1_186' title='bbox 1282 4083 1397 4167; x_wconf 82' lang='lat' dir='ltr'>gaudia</span> 
     </span>
     <span class='ocr_line' id='line_1_29' title="bbox 287 4214 570 4298; baseline -0.011 -18"><span class='ocrx_word' id='word_1_187' title='bbox 287 4234 356 4281; x_wconf 87' lang='lat' dir='ltr'>esse</span> <span class='ocrx_word' id='word_1_188' title='bbox 374 4214 570 4298; x_wconf 86' lang='lat' dir='ltr'>judicandas.</span> 
     </span>
    </p>

    <p class='ocr_par' dir='ltr' id='par_1_10' title="bbox 335 4335 1396 4425">
     <span class='ocr_line' id='line_1_30' title="bbox 335 4335 1396 4425; baseline -0.006 -21"><span class='ocrx_word' id='word_1_189' title='bbox 335 4341 389 4425; x_wconf 86' lang='lat' dir='ltr'>At,</span> <span class='ocrx_word' id='word_1_190' title='bbox 413 4341 541 4406; x_wconf 90' lang='lat' dir='ltr'>etiamsi</span> <span class='ocrx_word' id='word_1_191' title='bbox 561 4340 735 4405; x_wconf 90' lang='lat' dir='ltr'>sententiae</span> <span class='ocrx_word' id='word_1_192' title='bbox 754 4337 881 4402; x_wconf 85' lang='lat' dir='ltr'>eaedem</span> <span class='ocrx_word' id='word_1_193' title='bbox 903 4340 1017 4420; x_wconf 88' lang='lat' dir='ltr'>essent,</span> <span class='ocrx_word' id='word_1_194' title='bbox 1029 4354 1127 4420; x_wconf 88' lang='lat' dir='ltr'>quare</span> <span class='ocrx_word' id='word_1_195' title='bbox 1138 4335 1289 4400; x_wconf 86' lang='lat' dir='ltr'>Aristidis</span> <span class='ocrx_word' id='word_1_196' title='bbox 1300 4335 1396 4399; x_wconf 92' lang='lat' dir='ltr'>homo</span> 
     </span>
    </p>
   </div>
   <div class='ocr_carea' id='block_1_5' title="bbox 0 0 1664 5236">
    <p class='ocr_par' dir='ltr' id='par_1_11' title="bbox 0 0 1664 5236">
     <span class='ocr_line' id='line_1_31' title="bbox 0 0 1664 5236; baseline 0 0"><span class='ocrx_word' id='word_1_197' title='bbox 0 0 1664 5236; x_wconf 95' lang='lat' dir='ltr'> </span> 
     </span>
    </p>
   </div>
  </div>
 </body>
</html>
