3310 5242
833 589 875 650 44

341 797 412 883 Vel,
449 817 531 882 quae
567 797 709 863 Kochius
743 817 761 864 e
792 797 873 864 love
905 799 1065 864 confutato
1090 801 1107 862 1
1134 799 1189 884 (z
1201 801 1313 886 fragm.
1336 803 1411 882 295)

295 926 449 990 restituit:

472 1048 555 1121 εὐθὺς
578 1046 611 1124 ἐξ
634 1051 730 1131 αρχῆς
755 1048 876 1116 ἕκαστον
899 1050 1149 1130 ἐπικεκλωσμένην
1172 1050 1235 1132 ἔχει

470 1173 522 1247 σὺν
547 1173 697 1252 ἀπόβασιν
711 1225 806 1243 .....

296 1304 347 1367 vel
371 1322 388 1367 e
411 1304 573 1368 Piscatore
598 1305 638 1366 35
663 1303 787 1388 (fragm.
813 1305 904 1389 126);

1058 1430 1145 1512 ἀρετὴ

469 1555 518 1620 καὶ
541 1557 573 1620 τὸ
601 1556 691 1620 καλὸν
714 1554 780 1620 αὕτ’
805 1557 855 1620 οὐκ
878 1548 930 1620 οἶδ’
955 1554 1016 1621 ὅσοι
1039 1557 1099 1621 τότ’
1123 1554 1237 1637 οἴχεται

469 1679 524 1757 ἔστι)
551 1679 694 1761 πτερόεντ’
718 1679 772 1745 ὄνθ’
794 1683 831 1753 ὡς
854 1682 969 1754 ἀληθῶς
992 1681 1043 1745 καὶ
1068 1680 1189 1760 μιὶσνιν1

472 1797 500 1858 ἐν
525 1803 607 1860 ταῖσι
631 1794 797 1875 διατριβαῖς
823 1794 1083 1880 σκιαμαχούμενα,

342 1922 560 1987 Menandrone
583 1922 632 1987 vel
657 1922 794 1987 Alexide
818 1923 913 2006 digna
937 1922 1189 1989 tibi-videntur?

337 2048 461 2112 Verum
500 2027 565 2112 non
600 2049 705 2112 solum
741 2047 876 2112 Luciani
907 2049 1107 2134 aliorumque
1126 2051 1289 2115 rhetorum
1313 2051 1410 2116 verba

292 2175 451 2259 pedestria
484 2175 652 2259 illegitime
685 2177 719 2239 in
755 2177 916 2240 trimetros
941 2177 1078 2259 detorsit,
1102 2179 1198 2240 etiarn
1222 2177 1409 2265 fragmenta,

294 2322 432 2386 quorum
465 2304 552 2386 origo
585 2323 619 2367 se
650 2302 769 2385 lateret,
793 2309 849 2366 aut
870 2303 994 2386 integra
1017 2308 1072 2366 aut
1092 2304 1260 2387 paululum
1286 2311 1409 2371 mutata

294 2429 424 2491 comicis
458 2429 562 2511 poetis
587 2428 749 2492 vindicare
773 2429 905 2509 studuit,
929 2430 1021 2492 cuius
1045 2428 1194 2492 audaciae
1217 2430 1280 2494 duo
1304 2448 1409 2514 nequo

294 2574 331 2619 ea
363 2555 491 2640 illepide
527 2556 678 2639 exempla
714 2574 731 2619 e
760 2554 932 2635 Nauokii1)
957 2555 1177 2638 disputatione,
1202 2576 1265 2640 qua
1287 2556 1408 2622 Koclrio

300 2680 469 2745 oblocutus
493 2685 548 2763 est,
571 2681 762 2764 protraham.

242 2897 244 2902 Α
338 2805 379 2869 In
418 2804 560 2869 Crameri
590 2806 765 2870 Anecdotis
795 2805 845 2886 (ss.
869 2783 942 2868 408.
956 2807 1010 2886 22)
1032 2807 1150 2889 legitur
1170 2805 1407 2891 fragmentum:

292 2931 350 3008 ἐγὼ
384 2930 442 3011 γαρ
476 2929 530 3004 ἤδη
563 2930 726 3008 σπένδομαι
748 2932 796 3008 χώ
819 2930 912 3010 καιρὸς
934 2937 987 3004 τῆς
1011 2931 1129 3008 ε’μ....
1154 2933 1240 3015 quod
1263 2931 1408 2997 Kockius

291 3055 402 3121 fidenti
429 3058 537 3120 animo
560 3059 594 3118 in
617 3057 795 3140 fragmenta
818 3058 944 3140 recepit,
967 3056 1085 3121 addens
1112 3063 1208 3138 „sunt
1231 3060 1409 3122 tetrametri

292 3183 424 3247 iambici
447 3202 488 3247 ex
512 3183 677 3247 comoedia
700 3182 870 3267 excerpti”

336 3308 530 3393 Nuptiarum
569 3309 653 3373 diem
688 3308 806 3373 festum
844 3309 905 3374 sihi
938 3309 1086 3392 finxerat,
1114 3309 1165 3373 vel
1195 3311 1325 3393 natales
1355 3311 1407 3374 vel

291 3434 385 3498 ludos
408 3435 552 3518 publicos
577 3435 716 3499 hilariter
740 3456 758 3499 a
783 3436 922 3519 quodam
947 3438 1070 3499 comico
1095 3437 1277 3520 descriptos.

335 3561 447 3625 Paullo
469 3567 576 3625 tamen
599 3563 720 3625 maiora
740 3564 913 3626 conamus!
932 3562 1005 3626 Non
1024 3562 1206 3644 Menander,
1218 3581 1284 3626 non
1295 3561 1405 3626 Eubu-

291 3687 342 3751 lus
373 3687 424 3750 hio
454 3687 607 3770 loquitur,
630 3687 686 3751 sed
709 3689 815 3772 gravis
840 3686 957 3751 Christi
980 3687 1162 3772 Apostolus.
1186 3687 1269 3752 Nam
1295 3688 1405 3752 evolvo

292 3812 422 3876 Novum
458 3799 696 3877 Testamentum
733 3818 764 3877 et
796 3814 831 3877 in
861 3813 992 3897 epistola
1021 3813 1116 3876 Pauli
1138 3814 1176 3876 ad
1199 3813 1403 3878 Timotheum

291 3937 345 4019 (II.
378 3940 407 4000 4.
421 3938 451 4018 6)
482 3939 644 4002 invenies:
678 3938 735 4014 ἐγὼ
765 3938 822 4018 γὰρ
853 3936 906 4011 ἤδη
938 3936 1100 4015 σπένδομαι
1123 3908 1175 4002 καὶ
1198 3935 1211 4001 ὃ
1234 3937 1328 4019 καιρὸς
1350 3944 1403 4010 τῆς
1471 3971 1476 3982 ·

290 4063 364 4139 ἐμῆς
387 4061 553 4134 ἀναλύσεως
576 4061 746 4143 ἐφέστηκεν.

291 4243 434 4252 --..-

323 4346 426 4416 1)Me1.
443 4349 596 4416 greco-rom.
614 4349 643 4402 T.
659 4349 702 4412 Vl,
718 4351 775 4403 lior.
792 4351 807 4403 l
828 4349 926 4418 (1892).
