3328 5234
822 588 863 650 86

285 819 348 882 quo
383 799 535 884 ambiguo
570 801 701 864 nomine
734 802 831 864 etiam
864 802 898 862 in
930 801 1023 864 titulo
1054 801 1127 864 libri
1158 799 1249 882 „illan
1273 799 1399 881 upari?

284 927 418 1009 scriptor
440 945 519 990 usus
542 931 598 990 est.

328 1051 368 1113 V.
394 1052 421 1116 d.
444 1052 605 1116 Brunsius
617 1054 652 1134 ¹),
683 1071 756 1116 cum
782 1052 820 1116 de
844 1051 977 1136 dialogis
1000 1054 1136 1117 satiricis
1160 1052 1319 1135 scriberet,
1343 1072 1398 1136 op-

285 1179 365 1240 timo
396 1180 470 1260 jure
504 1178 542 1242 de
577 1177 726 1242 Vitarum
763 1179 921 1242 Auctione
956 1178 1053 1241 dixit:
1089 1178 1164 1259 „der
1196 1176 1399 1242 Griechische

283 1301 378 1367 Leser
413 1303 488 1367 oder
521 1302 626 1366 Hbrer
657 1302 775 1366 konnte
806 1302 873 1366 sich
905 1323 973 1366 nun
998 1302 1048 1366 bei
1073 1304 1176 1366 einem
1203 1305 1237 1365 iu
1260 1322 1395 1386 persona

289 1428 507 1493 auftretenden
549 1427 612 1505 βίος
655 1429 728 1493 sehr
761 1429 1069 1513 verschiedenartige
1104 1428 1207 1513 Dinge
1242 1428 1398 1494 denken.''

286 1553 355 1630 Qua
386 1574 426 1618 ex
457 1555 665 1639 ambiguitate
688 1564 834 1620 nostrum
862 1555 981 1619 librum
1008 1561 1038 1619 et
1062 1555 1258 1619 Piscatorem
1286 1556 1398 1620 eodem

284 1685 425 1764 tempore
447 1683 640 1764 compositos
660 1700 732 1745 esse
752 1681 862 1762 effecit,
881 1682 926 1744 ita
946 1686 981 1745 ut
1001 1682 1136 1764 scriptor
1148 1682 1253 1764 priore
1266 1680 1400 1763 dialogo,

284 1809 374 1889 quasi
398 1807 528 1871 alterius
548 1806 688 1890 prologo,
707 1808 840 1871 lectores
861 1809 1098 1891 exspectatione
1117 1809 1256 1872 intentos
1268 1807 1400 1871 reddere

284 1932 428 1996 voluerit.
454 1931 535 2008 Quia
557 1938 666 1996 tamen
690 1932 837 1996 Vitarum
863 1935 980 1997 Auctio
1003 1935 1100 1997 tantis
1125 1934 1250 1996 mendis
1269 1932 1400 2013 laborat,

285 2060 321 2118 ut
355 2076 536 2139 numquam
572 2056 751 2121 Lucianurn
788 2077 847 2122 sua
878 2064 990 2142 sponte
1021 2060 1185 2143 dialogum
1210 2065 1275 2122 tam
1301 2077 1399 2142 prava

286 2185 504 2264 composuisse
535 2183 672 2265 credam,
704 2183 766 2265 alia
788 2185 840 2247 via
863 2183 1082 2248 difficultatem
1108 2184 1230 2250 solvere
1253 2181 1398 2247 conabor.

284 2306 432 2373 Libenter
465 2308 605 2373 Brunsio
639 2311 786 2391 concedo,
820 2311 912 2391 ,dass
944 2312 1047 2375 dieser
1069 2311 1175 2375 kleine
1196 2310 1310 2394 Dialog
1334 2312 1394 2386 mit

284 2436 358 2499 dem
394 2434 683 2500 uniibersetzbaren
717 2436 796 2501 Titel
830 2435 901 2512 βίων
932 2439 1036 2516 πρᾶσις
1066 2438 1113 2500 als
1136 2436 1399 2520 abgcschlosscua

285 2561 490 2625 Publikation
524 2561 659 2646 gedacht
694 2565 743 2626 ein
780 2564 883 2627 reines
916 2563 1046 2646 Unding
1075 2562 1148 2644 ist,'’
1180 2568 1219 2644 et,
1251 2563 1326 2645 quia
1358 2581 1399 2625 ex

284 2687 444 2751 Piscatore
479 2687 648 2771 explicatio
680 2687 829 2752 Vitarum
854 2689 1022 2752 Auctionis
1045 2690 1110 2772 peti
1134 2695 1245 2773 potest,
1268 2690 1399 2770 librum,

285 2811 413 2894 qualem
450 2831 507 2875 nos
542 2812 634 2877 hodie
664 2814 830 2895 habemuS,
857 2815 967 2879 eodem
992 2822 1143 2899 tempore,
1168 2836 1231 2899 quo
1255 2816 1400 2880 Piscator

286 2938 320 2999 in
350 2936 455 3000 lucem
483 2937 610 3020 prodiit,
632 2939 754 3002 editum
780 2958 850 3004 esse
873 2946 959 3023 puto.
984 2940 1064 3004 Cum
1090 2941 1181 3005 Plato
1207 2941 1299 3023 (Piso.
1324 2944 1345 3003 4
1367 2947 1399 3005 et

286 3063 338 3141 15)
373 3068 404 3126 et
438 3061 597 3146 Diogenes
633 3063 725 3141 (Piso.
762 3067 803 3127 22
836 3071 867 3128 et
898 3067 951 3145 27)
985 3069 1104 3149 optimo
1131 3069 1205 3149 J'ure
1230 3069 1393 3131 satiricum

264 3159 497 3268 accusassent,
529 3187 615 3270 quod
637 3207 750 3252 omnes
774 3189 991 3281 philosophiae
1015 3191 1113 3255 ducas
1139 3193 1274 3254 minimo
1292 3193 1398 3275 'pretio

285 3315 377 3396 quasi
403 3315 561 3397 mancipia
585 3314 788 3396 vendidisset,
812 3314 974 3380 Lucianus
998 3335 1032 3380 se
1055 3336 1119 3379 non
1142 3316 1316 3401 Diogenem
1343 3318 1399 3381 sed

284 3438 478 3522 flagitiosum
501 3438 660 3521 Cynicum
674 3443 839 3524 aequalem
856 3443 1037 3508 vendidisse
1049 3444 1226 3527 respondet.
1239 3447 1292 3525 (48
1304 3444 1400 3524 Piso.)

283 3563 378 3628 Nunc
411 3564 562 3628 Vitarum
599 3567 803 3649 Auctionem,
838 3568 894 3632 ubi
930 3568 1070 3650 Cynicus
1105 3568 1167 3645 βίος
1200 3571 1399 3652 describitur,

269 3691 471 3785 evolvamus
504 3693 644 3772 (8-12).
678 3690 762 3768 Quid
785 3695 995 3758 invenimus?
1019 3694 1111 3758 Prior
1133 3715 1207 3779 pars
1231 3697 1272 3777 (8,
1298 3698 1328 3775 9)
1351 3715 1398 3760 re-

285 3817 379 3898 spicit
410 3815 449 3879 ad
475 3822 596 3882 veteres
620 3817 692 3882 illos
716 3795 854 3901 cynicos,
879 3821 936 3902 qui
960 3818 1144 3900 ἕλευθερωταιὶ
1167 3825 1223 3884 τῶν
1248 3820 1399 3901 ἀνθρώπων

284 3939 335 4004 nai
360 3941 446 4022 ἰατροὶ
469 3945 525 4005 τῶν
548 3944 646 4007 παθῶν
666 3964 735 4009 esse
755 3945 876 4028 volunt,
896 3949 1067 4028 posteriora
1080 3967 1155 4011 vero
1169 3953 1256 4031 parto
1268 3949 1330 4028 (10,
1345 3949 1397 4029 11)

287 4182 429 4189 ——-—...

315 4331 343 4396 1)
364 4331 384 4380 1.
402 4331 495 4384 Bruns.
512 4333 573 4385 Luc.
591 4335 681 4399 philos.
699 4335 751 4387 Sat.
769 4336 834 4388 ldus.
850 4335 934 4388 Rhen.
951 4337 1024 4388 1888.
1045 4327 1047 4334 ’
