3328 5234
587 1576 800 1651 CAPUT
838 1575 1171 1665 QUARTUM.

788 1877 977 1884 ——-—--.-

440 2110 489 2162 ml
516 2108 684 2163 LUOIANO
711 2107 939 2170 AEQUALIUM
966 2107 1120 2162 SUORUM
1147 2108 1327 2162 CENSORE.

373 2340 400 2400 l.
425 2335 474 2403 Dc
495 2339 604 2400 satiris
625 2344 734 2401 contro
756 2338 879 2422 cynicos
900 2338 1034 2420 scriptis.
1062 2337 1222 2418 Qantara-ns
1244 2337 1406 2401 Lucienus

562 2463 811 2528 Christianorum
832 2465 946 2527 irrisor
967 2464 1008 2527 sit
1027 2464 1202 2543 putandus.

372 2677 463 2740 Patet
497 2696 572 2760 ergo
606 2695 624 2740 e
657 2677 857 2760 praecedenti
889 2677 989 2759 capite
1021 2674 1198 2741 Lucianum
1230 2677 1269 2740 ad
1300 2682 1445 2740 veterum

328 2802 526 2866 Geminorum
551 2807 582 2866 et
606 2800 747 2886 Menippi
770 2800 954 2885 exemplum
978 2802 1163 2885 religionem
1186 2801 1344 2883 traditam,
1363 2801 1446 2864 anti·

328 2948 463 3012 quorum
499 2927 729 3011 philosophiam
763 2932 794 2992 et
826 2927 1005 2991 mortalium
1039 2927 1154 3009 studia,
1185 2919 1281 3011 quasi
1301 2925 1339 2988 ad
1364 2925 1447 2988 nihil

329 3054 406 3118 utile
430 3054 591 3135 ducerent,
613 3055 721 3137 magis,
745 3059 781 3118 ut
800 3055 983 3117 auditorum
1004 3056 1128 3118 animos
1153 3054 1243 3118 hilari
1264 3055 1447 3117 narratione

328 3180 389 3246 sibi
410 3181 591 3260 devinciret,
614 3180 772 3261 derisisse,
796 3200 891 3263 quam
918 3187 954 3244 ut
966 3181 1051 3262 vitia,
1065 3181 1184 3264 quibus
1197 3181 1318 3264 singuli
1330 3199 1447 3263 aequa-

327 3307 373 3371 les
415 3313 563 3388 errarent,
601 3308 776 3390 castigaret.
792 3323 796 3332 ’
812 3306 850 3369 In
888 3307 1009 3371 ultimis
1044 3312 1149 3371 tamen
1187 3277 1329 3391 dialogis,
1365 3300 1447 3391 quos

330 3433 469 3496 secunda
500 3438 601 3497 aetate
625 3434 758 3516 scripsit,
782 3434 884 3516 prima
905 3434 1090 3520 invenimus
1113 3433 1240 3515 indicia,
1263 3434 1348 3498 unde
1373 3452 1448 3497 eum

327 3559 415 3639 jocos
450 3577 541 3641 agere
562 3558 769 3628 ‚desinentem
803 3560 885 3623 serio
915 3560 949 3621 in
981 3561 1154 3643 sapientiae
1178 3565 1209 3624 et
1233 3560 1448 3623 continentiae

239 3759 247 3776 ⁴
331 3686 539 3764 simulatores,
570 3707 650 3770 quos
684 3687 825 3771 quotidie
856 3691 929 3750 ante
957 3687 1066 3750 oculos
1090 3686 1226 3769 haberet,
1251 3686 1449 3749 animadver-

331 3813 408 3877 tisse
431 3817 570 3896 apparet.

375 3938 414 4003 In
438 3939 598 4003 Piscatore
615 3941 689 4022 (52),
709 3941 765 4024 qui
786 3939 931 4022 dialogus
949 3937 1169 4021 praecedentia
1189 3956 1283 4021 opera
1297 3936 1449 4000 claudens

327 4065 449 4148 judicia
471 4071 563 4129 antea
586 4066 707 4149 prolata
727 4065 865 4150 corrigit,
886 4062 1046 4129 Lucienus
1067 4063 1291 4147 Philosophiae
1303 4062 1450 4127 defensor

331 4189 445 4272 factae,
477 4191 635 4274 aequales,
670 4195 706 4254 ut
742 4191 797 4274 qui
831 4189 994 4253 libidinosi
1027 4195 1067 4254 et·
1089 4191 1273 4274 ignorantes
1296 4190 1451 4272 viverent,

334 4307 452 4398 injuria
475 4316 737 4401 philosophorum
761 4335 879 4380 nomen
902 4335 1083 4402 usurpasse,
1107 4335 1142 4381 se
1164 4321 1368 4382 ostensurum
1381 4335 1451 4382 esse
