3328 5234
809 571 941 632 76·

254 753 461 865 'exemplum
495 780 715 858 laudabantur,
747 801 805 864 pro
837 780 936 844 nihilo
968 800 1037 845 esse
1058 782 1230 864 judicanda
1253 782 1315 845 nisi
1337 801 1394 865 pro

278 909 444 973 rhetoricis
464 906 701 991 speciminibus,
722 906 840 990 quibus
860 905 1029 972 Comoedia
1046 907 1163 971 fontem
1184 905 1397 991 praebuerit”.

323 1034 434 1099 Multis
463 1036 562 1119 igitur
595 1034 672 1097 mihi
702 1054 782 1118 opus
806 1036 866 1098 crit
888 1035 1086 1116 testimoniis,
1108 1033 1195 1098 unde
1218 1033 1397 1098 Lucianum

277 1163 312 1225 in
336 1161 533 1244 argumentis
557 1160 710 1243 eligendis
724 1160 911 1225 Comoedias
923 1165 1030 1245 poetas
1043 1166 1187 1237 secutum
1202 1180 1272 1226 esse
1284 1165 1397 1246 pateat.

280 1287 393 1351 Statim
428 1287 585 1350 comicum
617 1305 745 1350 versum
777 1308 796 1351 a
825 1287 999 1351 Fritzschio
1032 1288 1063 1349 in
1091 1286 1163 1351 dial.
1186 1285 1279 1352 Dour.
1304 1289 1397 1352 221.

279 1414 455 1478 iudicatum
478 1413 608 1477 laudare
630 1415 750 1496 possim

500 1531 518 1610 ἦ
541 1535 596 1601 πού
620 1537 673 1601 τιν’
698 1535 798 1601 ἔλαθον
821 1531 895 1615 αἶγα
919 1536 1083 1616 μοιχεύσας
1107 1536 1182 1616 ἕνας

281 1667 335 1732 sed
359 1667 466 1750 potius
486 1669 748 1749 argumentorum
772 1665 1013 1729 similitudinem
1034 1667 1129 1730 hacco
1150 1665 1258 1730 tabula
1270 1667 1400 1731 demon-

282 1795 405 1860 strabo:

325 1919 363 1984 D.
377 1919 415 1983 Ι).
452 1923 479 1983 3.
493 1946 526 1978 ω
540 1917 585 1982 Ἰώ
610 1919 761 2002 Platonis,
786 1918 1005 2001 Sannyrionis.

327 2046 365 2110 D.
378 2044 416 2109 D.
451 2047 472 2108 4
495 2051 525 2109 ct
550 2046 577 2107 5.
592 2072 624 2102 x
639 2044 815 2121 Γανυμήδης
840 2045 959 2128 Alcaei,
985 2046 1185 2130 Antiphanis,
1207 2043 1335 2109 Eubuli.

328 2171 366 2235 D.
379 2171 417 2235 D.
455 2167 635 2245 6.ω’1ξίαν
659 2170 791 2236 Eubuli.

327 2298 364 2364 D.
377 2298 416 2363 D.
453 2300 480 2362 7.
493 2325 528 2357 ω
541 2297 650 2378 Ἑρμοῦ
674 2295 759 2374 γοναί
780 2298 919 2370 Philisci.

326 2424 364 2489 D.
377 2425 415 2489 D.
451 2428 479 2490 8.
493 2453 527 2484 ω
539 2425 667 2497 Ἀθηνᾶς
690 2422 775 2501 γοναί
796 2424 972 2508 Hermippi.

326 2551 364 2616 D.
377 2551 415 2616 D.
452 2555 481 2618 9.
495 2578 528 2609 cx>
543 2550 664 2630 Βακχου
687 2549 814 2632 δευτέραν
837 2549 922 2628 γοναί
942 2553 1055 2615 incerti
1078 2556 1195 2636 poetae.

327 2678 416 2743 un.
431 2679 480 2742 10.
494 2705 528 2736 Ν
543 2674 611 2752 rut
633 2678 736 2758 μακρν
759 2679 909 2761 outonis,
924 2655 1125 2758 ‘acutula
1149 2679 1312 2763 Archippi.

329 2805 367 2869 D.
379 2804 417 2868 D.
432 2807 481 2868 11.
495 2831 528 2861 cx·
541 2803 703 2881 Ἐνδυμίων
727 2805 845 2868 Alcaei.

329 2931 367 2995 D.
380 2930 418 2994 D.
433 2933 482 2994 14.
496 2956 529 2988 m
545 2927 694 3001 Ὓακννθος
717 2930 882 2993 Anaxilae.

329 3057 367 3121 D.
380 3056 418 3120 D.
431 3059 482 3119 22.
495 3082 529 3114 ω
544 3055 639 3126 Πανὸς
662 3054 748 3131 γοναί
768 3056 922 3138 Ararotis,
945 3055 1085 3121 Philisci.

330 3183 418 3247 D..D.
432 3185 483 3246 23.
496 3209 529 3240 <v
543 3180 673 3261 Πρίαπος
696 3181 867 3247 Xenarchi.

329 3308 418 3373 DM.
456 3311 482 3372 l.
496 3335 530 3367 ω
547 3303 698 3370 Γαλάτεια
720 3307 915 3390 Nicocharis,
939 3305 1069 3390 Κύκλωψ
1092 3310 1295 3394 Antiphanis.

331 3433 369 3498 D.
379 3433 420 3497 M.
457 3435 485 3498 6.
498 3461 531 3492 α·
546 3433 712 3510 Ἀμυμώνη
736 3432 931 3498 Nicocharis.

331 3560 421 3625 DM.
458 3559 590 3625 techel
616 3559 769 3642 Platonis,
795 3559 1014 3644 Sannyrionis.

333 3686 370 3751 D.
381 3688 423 3752 M.
438 3690 486 3750 14.
500 3715 533 3746 cx>
546 3684 729 3766 Ἀνδρομέδα
754 3687 958 3771 Antiphanis.

331 3814 368 3878 1).
378 3814 419 3878 M.
435 3816 483 3878 15.
498 3843 530 3873 ω
544 3813 667 3893 Εὐρώπα
692 3812 821 3896 Eubuli,
844 3813 1020 3897 Hermippi,
1043 3813 1194 3877 Platonis.

333 3941 388 4006 IV.
412 3942 509 4006 Varia
533 3941 646 4006 deinde
666 3947 853 4025 argumenta
873 3959 890 4003 e
911 3939 1080 4003 comoediis
1102 3931 1270 4024 desumpta
1282 3941 1406 4025 dialogo

289 4069 326 4132 de
349 4067 497 4132 Parasito
519 4066 682 4131 Lucianus
705 4069 739 4130 in
763 4087 865 4130 unum
891 4066 1024 4150 collegit.
1050 4065 1153 4142 Quam
1177 4069 1330 4151 originem
1344 4070 1406 4132 nisi

289 4213 413 4276 semper
446 4199 552 4257 tecum
589 4198 725 4277 reputes,
758 4193 835 4276 quid
859 4191 985 4256 tandem
1011 4191 1173 4257 Lucianus
1198 4194 1257 4257 hoc
1281 4194 1406 4278 dialogo

291 4320 436 4403 voluerit,
460 4320 542 4384 effici
565 4322 685 4406 nequit.
709 4320 781 4404 Ipso
804 4319 999 4384 Fritnschius
1021 4321 1056 4383 in
1079 4320 1169 4385 libris
1189 4319 1408 4403 abjudicandis
