3328 5234
506 1616 721 1692 CAPUT
756 1618 1077 1708 QUINTUM.

275 2179 325 2231 DE
352 2176 520 2232 SORIPTIS
547 2177 746 2232 SENILIBUS
772 2161 818 2231 ΕΤ
845 2177 1084 2233 SUBDITIOIIS.
1113 2179 1311 2234 EPILOGUS.

484 2406 513 2467 1.
539 2407 587 2469 De
610 2404 746 2468 Enniani
768 2407 851 2469 senis
875 2405 989 2470 misero
1010 2413 1100 2471 sorte.

272 2620 317 2681 At
350 2620 500 2701 provecta
526 2617 593 2698 jem
625 2621 787 2681 senectute
818 2622 949 2700 repente
980 2617 1093 2681 acerbo
1119 2637 1177 2682 suo
1203 2639 1350 2685 sermone

229 2744 362 2807 remisso
397 2741 563 2806 Lucienus
598 2760 615 2805 e
650 2760 780 2805 censore
815 2740 938 2805 difficili
973 2742 1111 2807 blandus
1143 2749 1175 2808 et
1208 2744 1351 2827 abjectus

231 2869 377 2933 adulator
405 2868 509 2931 factus
541 2871 598 2933 est.
621 2866 723 2930 Tenui
745 2886 780 2930 re
803 2873 932 2932 coactus
956 2867 995 2931 ab
1018 2868 1160 2952 Aegypti
1184 2870 1351 2955 praefecte,

230 2999 267 3059 ut
301 3014 343 3058 ex
376 2993 528 3077 Apolopio
562 2991 644 3056 effici
668 2997 790 3076 potest,
825 3012 945 3058 munus
980 2994 1155 3078 publicum,
1190 2997 1276 3079 quod
1312 2997 1352 3061 ad

226 3119 386 3204 judicia1)
421 3120 615 3202 pertinuisse
650 3118 785 3201 videtur,
816 3118 878 3182 sibi
907 3121 1097 3203 impetravit.
1129 3120 1210 3185 Cum
1234 3123 1352 3187 idcirco

231 3246 270 3310 ab
294 3246 484 3310 adversariis
510 3243 571 3309 sibi
595 3245 721 3307 crimini
744 3245 883 3327 deretur,
903 3246 998 3329 quod,
1017 3265 1099 3329 quae
1119 3247 1354 3332 pulchrepree·

231 3378 322 3456 cepte
349 3374 384 3434 in
418 3370 564 3435 Mercede
590 3369 763 3434 Conductis
786 3371 1039 3454 praedicavisset,
1064 3371 1183 3436 oblitus
1206 3379 1298 3457 esset,
1322 3381 1354 3439 et
1453 3412 1455 3416 ·

226 3501 300 3583 jure
331 3498 454 3561 inimici
485 3497 590 3560 dicere
618 3500 763 3579 possent:
797 3498 873 3572 μισῶ
904 3494 1057 3576 σοφιστὴν,
1090 3491 1169 3567 ὅστις
1192 3498 1250 3576 οὐχ
1273 3498 1352 3580 αὐτῷ

230 3622 321 3706 σοφός
356 3624 462 3707 (Apol.
496 3624 525 3704 5)
559 3623 773 3705 sophistarum
805 3641 892 3686 more
921 3624 1097 3706 speciosius
1122 3644 1218 3706 quam
1243 3627 1353 3691 verius

231 3772 265 3818 se
296 3751 437 3816 defendit
469 3749 646 3814 mercedem
679 3767 770 3812 suam
801 3746 850 3811 οὐκ
878 3745 1019 3819 ἰδιωτικὴν
1050 3748 1235 3832 significans
1266 3749 1351 3814 ἀλλὰ

230 3877 311 3958 παρὰ
333 3879 384 3940 τοῦ
409 3874 565 3952 βασιλέως,
590 3875 621 3939 οὐ
646 3873 750 3954 μικρὰν
774 3872 857 3937 ἀλλὰ
878 3874 1101 3938 πολυτάλαντον
1126 3878 1200 3958 (13).

275 4001 439 4080 Quantum
469 4000 633 4066 Lucienus
657 4019 756 4065 senex
780 3999 898 4064 abillo
922 4002 991 4065 viro
1013 3999 1145 4082 ἐλευθέρῳ
1165 4001 1217 4066 καὶ
1241 4026 1352 4086 παρρη-

234 4171 381 4181 ...-——

256 4272 289 4352 vi)
317 4271 466 4324 Dindortius
489 4273 518 4324 in
540 4272 624 4323 Praei.
647 4271 713 4321 Edit.
730 4271 791 4322 Luc
818 4287 843 4337 p.
860 4271 876 4323 8
894 4272 1038 4325 Lucienum
1056 4275 1353 4344 hypomnematogrephi

230 4381 340 4419 munere
356 4366 477 4426 sunctum
494 4379 550 4416 esse
567 4362 685 4427 conjecit,
