3310 5242
790 615 833 679 59

251 828 359 890 catore
391 844 426 890 se
461 826 589 892 illorum
620 829 765 892 amioum
794 845 864 892 esse
886 826 1057 911 professus,
1076 847 1192 912 pravos
1214 822 1364 913 aequales

248 953 399 1035 persequi
429 954 541 1036 coepit.
571 952 679 1017 Verba
708 957 824 1036 tamen,
853 953 971 1038 quibus
994 955 1062 1038 ipse
1085 956 1219 1039 scriptor
1241 955 1301 1018 hac
1325 955 1364 1020 de

249 1078 425 1142 mutatione
457 1077 584 1167 loputus
619 1082 675 1162 est,
711 1078 839 1143 difficile
869 1078 1045 1172 lectoribus
1078 1098 1184 1145 veram
1215 1081 1299 1143 riam
1324 1079 1364 1143 ad

249 1202 487 1287 chronologiam
512 1205 765 1289 cognoscendam
789 1210 966 1271 monstrare
987 1211 1131 1291 possunt.
1217 1261 1221 1267 .

294 1329 453 1394 Adcurate
474 1332 573 1416 igitur
596 1333 779 1397 testimonia
802 1333 872 1397 eius
896 1329 1132 1398 exscribamus:

293 1452 351 1518 Bis
384 1454 460 1519 Aoo.
493 1457 553 1520 32:
589 1455 701 1539 ,Circa
728 1458 771 1520 40
795 1476 897 1522 annos
919 1462 1015 1522 natus
1038 1457 1274 1522 causidicorum
1297 1462 1364 1523 arte

250 1584 281 1644 ct
312 1580 596 1647 declamationibus
627 1583 760 1647 desertis
790 1582 831 1646 ad
855 1583 1016 1668 dialogum
1040 1588 1072 1648 et
1095 1602 1203 1648 reram
1226 1584 1364 1668 philoso-

248 1704 354 1789 phiam
377 1705 518 1772 transii''

293 1829 434 1896 Piscator
475 1834 534 1898 29:
580 1831 766 1916 „Rhetorica
807 1835 873 1898 arto
918 1833 1027 1898 relicta
1061 1833 1101 1897 ad
1134 1833 1366 1919 philosophiam

248 1957 407 2044 confugi.''

294 2085 437 2151 Piscator
462 2087 481 2149 6
506 2090 537 2151 et
561 2087 620 2151 30:
647 2085 797 2171 ,Semper
818 2087 1049 2172 philosophiam
1073 2085 1248 2152 admiratus
1261 2086 1363 2152 sum.'’

293 2211 389 2278 Nunc
411 2211 573 2297 Diogenis,
593 2214 646 2277 cui
664 2212 828 2278 Lucianus
840 2214 1092 2280 adversariorum
1106 2213 1203 2278 rerba
1214 2213 1365 2278 tribuisse

251 2339 387 2421 ridetur,
410 2340 631 2405 testimonium
653 2339 838 2405 audiamus:

294 2465 438 2531 Piscator
472 2468 533 2530 25:
561 2466 742 2550 ,Lucianus
764 2467 921 2531 rhetorica
944 2471 1010 2532 arte
1032 2466 1141 2532 relicta
1164 2467 1204 2530 ad
1226 2467 1365 2550 philoso-

251 2592 358 2675 phiam
382 2592 583 2658 domhndom
606 2591 763 2657 transiit.''

294 2717 373 2784 Uter
396 2738 508 2785 verum
533 2719 623 2802 dixit,
645 2715 805 2803 Diogenes
828 2736 869 2781 an
891 2718 960 2802 ipse
982 2716 1168 2782 Lucienus?

296 2842 446 2929 Quinque
482 2845 599 2930 dialogi
633 2846 667 2908 in
698 2844 757 2908 hac
786 2843 983 2928 paragrapho
1006 2842 1129 2907 collecti
1152 2843 1278 2927 adsunt,
1302 2844 1368 2928 qui,

251 2972 288 3034 ut
320 2967 499 3035 lucianum
529 2969 690 3034 mendacii
713 2968 972 3052 condemnemus,
994 2966 1148 3052 Diogenis
1171 2969 1367 3034 accusationi

251 3094 426 3179 credamus,
450 3100 569 3180 cogunt
591 3099 688 3178 atque
710 3093 863 3178 flagitant.

297 3220 392 3304 ,At,''
426 3225 516 3308 roget
550 3221 718 3305 quispiam,
752 3220 931 3304 „quomodo
961 3223 1026 3284 tam
1049 3219 1252 3304 impudenter
1273 3218 1368 3284 Luci-

251 3365 331 3411 anus
363 3349 490 3412 mentiri
517 3348 628 3433 potuit,
652 3347 797 3412 camilli
822 3347 948 3432 dialogi,
970 3349 1006 3410 in
1029 3346 1147 3431 quibus
1170 3347 1368 3414 venerabiles

252 3473 432 3559 philosophi
473 3474 658 3557 eluduntur,
699 3475 889 3539 contrariam
925 3475 1112 3538 sententiam
1147 3478 1253 3558 aperte
1285 3474 1367 3538 indi-

252 3603 359 3663 carent
367 3597 404 3664 P'

294 3725 408 3790 Postea
441 3725 548 3791 fusius
583 3725 816 3809 demonstrabo,
853 3726 910 3790 sed
941 3744 1030 3789 nunc
1049 3727 1116 3808 jam
1140 3725 1240 3791 obiter
1263 3726 1368 3792 dicere

251 3850 347 3915 velim
376 3849 555 3916 Lucianum
584 3853 619 3914 in
652 3850 803 3916 Vitarum
826 3852 1029 3932 Auctionem,
1053 3850 1109 3915 ubi
1130 3852 1369 3917 evidentissime

252 3978 399 4060 antiquos
422 3978 626 4062 philosophos
650 3977 811 4060 deriserat,
837 3977 943 4060 verba,
968 3981 1157 4061 quaeatoto
1168 3977 1250 4042 libro
1263 3984 1369 4062 aperte

252 4102 378 4186 distant,
412 4105 586 4169 inseruisse
621 4107 652 4167 et
686 4123 766 4188 opus
791 4103 831 4166 ad
854 4105 1053 4187 sententiam,
1076 4105 1128 4168 cui
1150 4105 1186 4168 in
1208 4103 1369 4172 Piscatore
1455 4177 1462 4186 ,

252 4229 396 4295 addictus
429 4235 505 4313 erat,
535 4230 800 4295 accommodasse.
825 4227 896 4305 Qua
918 4248 953 4294 re
974 4228 1137 4294 Larianus
1158 4229 1299 4315 perfecit,
1323 4237 1367 4316 ut,

252 4356 281 4420 si
314 4374 352 4421 ea
383 4360 510 4421 tantum
531 4356 676 4442 legamus
695 4356 827 4439 judicia,
848 4374 930 4439 quae
953 4355 1117 4440 postmodo
1140 4356 1260 4420 inserta
1282 4361 1367 4442 sunt,
