3328 5234
835 599 876 659 74

299 809 469 892 dialogum
504 809 587 872 aru
618 759 691 872 eom
714 806 897 888 nicolaae.
921 809 972 872 aa
995 809 1178 892 exemplum
1201 807 1412 888 ‘coarmata

295 936 429 1000 fortasse
446 941 501 1008 ‚est
525 934 734 999 adumbratus
756 935 900 1019 dialogus
920 935 993 1018 XV,
1014 938 1106 1000 ouius
1121 935 1226 1018 verba,
1238 937 1301 1000 nisi
1313 937 1413 1018 fallor,

293 1063 432 1146 pessime
454 1063 538 1125 inter
563 1081 597 1126 se
618 1066 772 1145 pugnant.
791 1062 926 1125 Amator
946 1063 1029 1125 enirn
1052 1063 1101 1144 §1
1123 1059 1253 1134 Αἰτωλός
1272 1068 1413 1146 vocatur,

297 1187 348 1267 §2
372 1205 447 1250 vero
472 1205 589 1250 nomen
612 1188 646 1249 in
666 1185 809 1265 Μεγαρέα
829 1189 951 1251 transit.
974 1186 1122 1270 (tolonuS,
1142 1189 1198 1271 qui
1218 1189 1302 1272 apud
1314 1207 1413 1253 mere-

294 1313 405 1376 tricem
440 1317 514 1394 erat,
549 1333 567 1375 a
598 1312 691 1375 rivali
722 1316 785 1375 tam
803 1315 956 1397 ¹graviter
986 1313 1173 1377 vulneratur
1197 1313 1281 1396 (§1),
1307 1319 1340 1376 ut
1363 1313 1416 1376 οὐκ

296 1434 400 1509 ἴσασιν,
426 1437 449 1499 εἰ
473 1434 621 1514 βιώσεται,
646 1442 785 1502 attamen
811 1439 862 1520 §2
887 1439 1007 1504 vulnus
1026 1459 1090 1503 non
1105 1460 1229 1522 curans
1243 1442 1347 1505 statim
1360 1441 1415 1504 ille

296 1563 463 1645 ἀπέρχεται
498 1563 639 1645 ὀψόμενός
674 1588 756 1637 τινας
788 1563 892 1644 §Ditem
922 1569 978 1629 τῶν
1008 1567 1144 1639 ἀστικῶν,
1168 1565 1415 1646 οἳ·ποιροιδώσουσι

295 1673 354 1762 reia
377 1688 532 1770 πρυτάνεσι
554 1691 601 1754 τὸν
625 1689 776 1771 Mryaps‘oa

285 1847 286 1853 ¹
341 1817 382 1880 Π.
409 1816 508 1882 Cuius
541 1818 770 1902 discrepantiae
794 1820 916 1902 origine
939 1821 972 1882 in
997 1820 1101 1883 medio
1125 1820 1242 1902 relicta,
1265 1839 1351 1883 nunc
1376 1819 1417 1884 ad
1513 1809 1516 1816 ’

298 1944 457 2009 Timonem
486 1950 695 2026 transeamus,
719 1964 814 2027 quern
839 1944 1000 2028 dialogum
1024 1942 1187 2008 Lucienus
1210 1943 1308 2009 libere
1331 1965 1417 2008 oom-

298 2073 443 2157 posuisse
475 2070 603 2134 uidetur
632 2070 671 2133 ad
702 2071 897 2154 Antiphanis
929 2071 1120 2154 exemplum.
1150 2070 1189 2133 In
1223 2091 1287 2153 qua
1309 2069 1419 2134 fabula

299 2201 418 2281 quanta
448 2217 525 2260 cura
556 2197 748 2259 comicorum
781 2199 997 2260 oeconomiam
1021 2203 1151 2260 secutus
1175 2198 1225 2279 sit,
1247 2197 1322 2260 inde
1345 2217 1419 2280 cog·

299 2325 471 2405 noscimus
509 2321 595 2405 quod
628 2321 720 2385 facile
755 2327 840 2386 totus
872 2322 1017 2406 dialogus
1048 2324 1092 2386 ita
1124 2325 1157 2386 in
1182 2343 1294 2387 scenas
1318 2323 1419 2387 dividi

300 2453 412 2533 potest,
435 2453 471 2511 ut
495 2465 672 2531 numquam
697 2448 770 2531 plus
796 2469 890 2531 quam
916 2454 979 2512 tres
1003 2468 1158 2532 personae
1180 2450 1264 2513 inter
1288 2469 1321 2513 se
1344 2469 1419 2512 corr-

299 2574 491 2639 fabulentur.
526 2574 716 2638 Praesertim
751 2574 882 2638 alterius
917 2577 1015 2658 partis
1048 2575 1202 2655 (ar-58)
1234 2576 1420 2658 compositio

299 2703 378 2766 mihi
421 2703 557 2766 duarum
599 2702 903 2785 Aristophanearum
937 2700 1118 2765 fabularum
1156 2708 1349 2767 structuram
1385 2706 1420 2768 in

300 2830 484 2892 memoriam
515 2833 651 2891 revocat.
684 2828 860 2911 Postquam
893 2831 977 2891 enirn
1005 2829 1116 2892 Timon
1141 2830 1325 2894 thesaurum
1350 2850 1421 2914 rep-

277 2957 382 3039 ·perit
425 2955 588 3036 (dr-46),
631 2959 783 3037 quattuor
825 2973 938 3018 scenae
982 2955 1152 3019 admodum
1185 2955 1259 3019 laxo
1291 2957 1421 3020 vinculo

300 3084 384 3145 inter
414 3101 448 3145 se
480 3083 667 3163 conjunctae
691 3088 881 3166 sequuntur,
906 3085 939 3144 in
964 3083 1082 3166 quibus
1107 3084 1232 3148 diversa
1255 3084 1422 3148 hominum

300 3227 416 3291 genera
449 3229 467 3270 a
501 3207 633 3271 Timone
663 3210 696 3271 in
721 3211 885 3292 antiquam
906 3212 1053 3273 restituto
1073 3209 1233 3274 fortunam
1255 3210 1423 3276 adulanter

301 3334 454 3398 beneficia
477 3333 629 3418 flagitant.
655 3332 743 3410 Quae
766 3335 915 3417 episodia,
939 3335 1024 3418 quod
1048 3336 1087 3399 ad
1112 3337 1328 3399 oeconomiam
1351 3357 1423 3420 per-

302 3461 390 3540 tinet,
426 3479 498 3522 cum
534 3458 626 3522 Pacis
658 3464 689 3522 et
723 3460 980 3524 Acharnensium
1015 3460 1079 3524 fine
1110 3461 1187 3523 mihi
1211 3463 1424 3544 comparanda

301 3583 460 3666 videntur,
495 3582 551 3646 ubi
584 3585 665 3646 varii
700 3588 890 3648 mercatores
925 3585 964 3649 ad
998 3585 1177 3668 Trygaeum
1205 3587 1348 3669 veniunt,
1373 3586 1424 3650 vel

302 3712 446 3775 diversae
481 3712 647 3775 hominum
682 3713 802 3796 species
838 3732 857 3775 a
890 3711 1113 3795 Dicaeopolide
1147 3714 1235 3796 pacis
1258 3712 1424 3776 commoda

303 3839 486 3922 deposcunt.

348 3963 420 4028 Uno
445 3969 551 4028 autern
572 3972 744 4049 conspectu
765 3970 802 4030 ut
813 3966 954 4029 Timonis
968 3967 1228 4050 compositionem
1242 3966 1299 4030 tibi
1311 3987 1426 4050 propo-

304 4111 388 4173 nam,
414 4091 680 4177 distributionem,
705 4094 790 4177 quod
815 4095 855 4157 ad
879 4098 998 4178 septem
1023 4097 1144 4178 priores
1158 4115 1269 4162 scenas
1282 4097 1426 4179 pertinet,

307 4237 324 4280 a
347 4215 479 4301 Koclri0,
503 4218 635 4283 alteram
660 4226 782 4304 partem
807 4242 825 4284 a
848 4224 990 4305 meipso
1014 4222 1213 4306 delineatam,
1235 4223 1287 4286 hio
1307 4225 1427 4286 exscri-

305 4345 379 4410 bere
401 4345 521 4429 placet:
