3310 5242
760 599 801 661 15

212 805 386 880 ἐλύπησεν.
409 806 448 880 εἷς
466 805 524 888 γὰρ
535 807 584 871 τὸν
595 806 760 888 Περεγρίνου
772 806 834 884 βίον
846 805 1031 871 nutriamur
1043 811 1093 872 τοῦ
1107 814 1329 885 >catarracte-poe

212 929 269 997 aori
289 934 375 998 adadu
393 932 581 1014 βλασφημεῖ
596 933 644 997 τὸν
666 933 783 1013 Χριστὸν
802 932 814 996 ὁ
834 933 1018 1013 παμμίαρος,
1041 933 1082 998 διὸ
1099 931 1150 997 καὶ
1163 940 1216 1006 τῆς
1228 932 1338 1007 λύττης

212 1058 320 1130 ποιναῖς
339 1059 482 1140 ἀρκούσας
501 1060 530 1123 ἐν
548 1062 588 1140 τῷ
602 1058 719 1136 παρόντι
732 1058 861 1132 δέδωκεν,
876 1051 949 1123 {aas
961 1061 1001 1140 τῷ
1014 1059 1153 1136 μέλλοντι
1165 1060 1337 1140 κληρονόμος

210 1191 268 1250 τοῦ
304 1185 413 1250 αἰωνίου
446 1187 532 1268 πυρὸς
566 1186 647 1264 μετὰ
676 1190 726 1250 τοῦ
756 1191 882 1250 Σατανᾶ
912 1185 1066 1264 γενήσεται
1099 1187 1227 1270 (Suidas
1259 1209 1282 1253 s.
1307 1208 1337 1252 v.

211 1312 397 1395 Λουκιανός).

261 1438 403 1504 Primam
438 1444 469 1505 et
502 1441 648 1504 ultimam
679 1444 802 1524 partem
831 1431 1076 1524 praetereamus,
1109 1441 1184 1524 quia
1215 1460 1336 1505 meram

211 1565 471 1648 Byzantinorum
505 1569 656 1651 ineptiam
694 1568 824 1650 spirant.
854 1567 970 1631 Nonne
1001 1586 1096 1632 canes
1128 1565 1245 1630 Suidae
1279 1566 1337 1630 tibi

212 1697 352 1757 mortem
375 1693 457 1758 alius
481 1692 639 1772 δυσφήμου
664 1731 706 1740 -
730 1692 914 1777 Euripidem
942 1694 1011 1758 dico
1037 1695 1131 1756 -in
1151 1695 1336 1758 memoriam

212 1818 357 1882 vocant?

263 1943 326 2008 Sed
354 1945 393 2008 ad
424 1945 560 2009 mediam
586 1949 788 2009 transeamus
811 1949 947 2028 partem.
971 1943 1134 2010 Lucienus
1158 1945 1240 2011 vixit
1263 1945 1337 2009 Tra-

208 2070 290 2152 jano
324 2070 510 2154 imperatore
547 2071 724 2153 (es-117)
761 2076 792 2134 et
821 2075 938 2155 postea.
971 2071 1159 2136 Antiochiae
1181 2079 1335 2156 patronus

213 2215 386 2260 causarum
418 2202 493 2279 erat,
517 2198 574 2262 sed
596 2217 669 2263 cum
692 2217 744 2261 res
768 2199 797 2262 ei
819 2217 885 2261 non
908 2198 989 2262 bene
1013 2198 1147 2281 cederet,
1170 2203 1275 2264 totum
1300 2218 1335 2264 se

213 2324 333 2387 litteris
356 2324 441 2389 dedit
463 2329 495 2389 et
516 2326 685 2388 innumera
709 2325 826 2408 scripta
850 2327 1038 2407 composuit.

264 2446 352 2523 Quae
381 2449 479 2514 rerba
508 2456 678 2533 antequam
709 2471 727 2513 a
758 2449 991 2534 philologorum
1016 2451 1205 2516 criminibus
1230 2452 1336 2517 defen-

216 2573 303 2655 dam,
326 2574 470 2657 quinque
492 2573 626 2639 Luciani
649 2577 765 2659 scripta
788 2576 990 2658 enumerabo,
1011 2597 1092 2662 quae
1112 2597 1175 2661 quo
1188 2585 1335 2663 tempore

216 2698 303 2762 edita
326 2700 398 2782 sint,
421 2719 461 2764 ex
485 2706 672 2784 argumento
696 2700 819 2766 efficere
843 2701 926 2766 licet.
1050 2744 1052 2753 ι

262 2825 287 2888 J.
316 2824 476 2910 Imagines
506 2847 587 2911 opus
617 2833 665 2892 est
695 2829 905 2910 compositum
936 2829 971 2891 in
995 2830 1147 2894 honorem
1170 2830 1334 2895 Pantheae

216 2950 393 3033 cuiusdam,
417 2971 498 3035 quae
520 2951 657 3019 Lucium
680 2953 802 3018 Verum
824 2955 1046 3037 imperatorem
1068 2955 1107 3018 ad
1127 2955 1247 3021 bellum
1260 2955 1337 3019 Par-

215 3076 339 3139 thioum
368 3076 618 3160 proficiscentem
640 3078 777 3144 fideliter
799 3081 948 3145 comitata
971 3085 1026 3145 est.
1052 3077 1141 3164 Opus
1164 3089 1213 3147 est
1237 3084 1336 3166 igitur

216 3201 371 3285 scriptum
395 3223 479 3267 anno
505 3204 579 3267 162.

263 3326 303 3390 ΙΙ.
333 3327 385 3392 Ex
414 3328 560 3399 Eusebio¹
585 3330 710 3410 (Chron.
740 3331 783 3396 II.
814 3352 845 3416 p.
879 3335 935 3396 171
975 3333 1032 3398 Ed.
1061 3333 1215 3418 Schoene)
1241 3334 1338 3400 Pere-

217 3453 346 3536 grinum
380 3455 529 3534 cynicum
563 3475 647 3519 anno
683 3456 746 3519 165
778 3454 937 3542 Olympiis
968 3479 1082 3543 rogum
1111 3437 1337 3552 conscendisse

219 3584 350 3643 constat.
385 3579 505 3644 Eodem
536 3599 620 3644 auno
652 3587 707 3646 aut
738 3585 884 3665 sequenti
914 3585 1015 3668 igitur
1038 3587 1155 3670 scripta
1179 3592 1227 3652 est
1250 3584 1337 3651 Mors

218 3703 392 3788 Peregrini.

263 3829 321 3892 IH.
343 3829 439 3895 Liber
472 3831 511 3895 de
543 3831 675 3897 historia
705 3833 934 3900 conscribenda
963 3854 1000 3901 eo
1032 3837 1165 3902 consitio
1199 3840 1336 3923 scriptus

220 3959 276 4039 est,
299 3961 335 4020 ut
356 3958 506 4040 rhetores,
526 3960 582 4041 qui
595 3958 712 4024 bellum
724 3960 910 4028 Parthicum
923 3963 1123 4042 (162-165)
1133 3965 1337 4050 enarrabant,

218 4083 513 4166 perstringerentur.
536 4083 654 4150 Annus
677 4087 825 4150 editionis
847 4089 949 4173 igitur
972 4095 1019 4156 est
1042 4096 1114 4174 post
1139 4091 1215 4156 165.

262 4206 319 4270 IV.
342 4207 416 4271 Vita
438 4207 642 4276 Demonactis
665 4213 840 4297 composita
863 4221 913 4284 est
936 4224 1007 4300 post
1030 4235 1152 4280 annum
1178 4216 1250 4280 177.
1271 4214 1337 4299 (cfr.

219 4338 315 4418 caput
337 4336 359 4397 4
382 4336 401 4417 ξ
423 4337 445 4398 4
468 4355 557 4401 meae
580 4338 830 4422 dissertationis).
