3310 5242
770 582 812 644 49

231 797 421 863 Auctionem
445 797 519 862 odit.
541 795 638 861 Recte
663 795 791 880 quidem
818 793 1030 873 Bemaysium
1057 791 1233 857 defendisse
1246 792 1346 874 Cyni-

231 942 284 988 cos
307 925 491 1007 nimiaeque
515 921 755 987 malevolentiae
776 919 941 983 satiricum
961 937 1127 983 accusasse
1146 918 1232 982 haud
1244 937 1343 1002 neg03

231 1068 313 1133 quae
347 1054 456 1113 tamen
494 1049 532 1112 de
565 1051 688 1111 niutata
717 1047 881 1111 voluntate
911 1046 1053 1128 conjecit,
1084 1029 1189 1129 aperte
1210 1043 1345 1108 Luciani

125 1203 129 1210 ·
231 1174 335 1239 verbis
368 1174 566 1238 refelluntur.
599 1173 738 1237 Perinde
770 1191 806 1235 ac
839 1171 893 1234 alii
924 1176 1046 1235 veteres
1075 1170 1255 1254 philosophi
1277 1171 1345 1254 ipse

230 1299 388 1385 Diogenes
407 1302 441 1364 in
461 1300 630 1382 antiquum
644 1299 823 1362 restituitur
835 1298 988 1361 honorem
1002 1297 1071 1381 (cfr.
1085 1300 1170 1362 totus
1182 1298 1345 1379 Piscator).

274 1428 304 1489 A
339 1427 416 1490 viris
451 1425 551 1490 doctis
580 1443 665 1508 vero,
698 1425 754 1507 qui
784 1425 818 1486 in
849 1442 886 1488 eo
909 1425 1113 1506 conveniunt,
1137 1423 1223 1507 quod
1248 1425 1345 1507 scrip·

230 1556 332 1615 torem
378 1550 416 1615 ab
462 1550 524 1613 alia
558 1550 819 1633 philosophorum
856 1554 941 1613 secta
976 1550 1014 1614 ad
1050 1550 1143 1613 aliam
1180 1551 1344 1614 transiisse

231 1676 372 1758 credunt,
402 1674 696 1740 Sommerbrodtius
727 1679 757 1738 et
781 1674 941 1739 Brunsius
965 1675 1143 1739 abhorrent.
1165 1675 1224 1739 Ille
1248 1676 1345 1759 scrip-

231 1804 272 1867 sit
297 1801 497 1886 (Einleitung
519 1800 576 1864 Ed.
600 1799 737 1865 Weidm.
762 1821 790 1884 p.
814 1800 923 1883 XVD:
954 1800 1032 1882 „Mil
1055 1802 1127 1866 dem
1152 1803 1344 1887 vierzigsten

232 1927 329 1993 Jahre
357 1929 477 2013 gingen
500 1927 566 1990 also
588 1925 725 1991 Lucians
748 1925 844 1992 Lehr-
868 1927 934 1991 und
958 1927 1193 2011 Wandeu'ahre,
1214 1930 1246 1991 in
1271 1928 1346 1992 wel-

234 2055 312 2119 chen
347 2073 382 2119 er
413 2074 493 2138 ganz
525 2054 580 2118 der
608 2051 759 2117 Rhetorilr
783 2053 851 2117 sich
873 2054 1044 2137 gewidmet
1066 2054 1160 2137 hatte,
1183 2075 1224 2119 zu
1247 2054 1345 2119 Ende.

235 2180 347 2246 Zuerst
369 2182 402 2244 in
427 2179 552 2263 eifriger
573 2178 823 2263 Beschdftigung
846 2181 904 2260 mit
924 2179 1345 2263 derPhilosophie,wandte

235 2325 268 2370 er
290 2306 363 2370 bald
388 2306 470 2370 atich
493 2305 544 2368 ihr
567 2306 627 2370 den
651 2304 783 2369 Riicken
806 2307 867 2370 wie
890 2307 1005 2372 vorher
1027 2308 1082 2372 der
1106 2306 1258 2373 Rhetorilr
1277 2311 1343 2374 und

236 2436 332 2497 setzte
358 2433 475 2496 ‘seinen
509 2451 631 2516 ganzen
666 2430 766 2496 Pleiss
799 2433 832 2496 in
868 2432 918 2496 die
952 2431 1159 2519 Vollendung
1194 2434 1249 2498 der
1279 2455 1342 2498 von

235 2558 301 2621 ihm
333 2556 530 2622 erfundenen
553 2577 657 2623 neuen
681 2557 868 2622 Konstform
895 2558 951 2623 des
975 2560 1160 2624 satirischen
1183 2559 1345 2644 Dialogs.”

234 2682 395 2748 Brunsius
430 2688 537 2747 autem
573 2683 665 2766 (Mus.
699 2682 798 2747 Rhen.
825 2684 921 2767 1888)
947 2684 1088 2769 dialogos
1110 2651 1285 2752 Lucisneos
1309 2688 1343 2749 in

235 2810 294 2873 tria
316 2827 432 2894 genera
456 2811 607 2874 secrevit:

279 2935 322 2998 1⁰.
359 2934 430 3015 „die
466 2933 678 3019 genrehafte''‚
711 2935 768 2999 ubi
802 2937 922 3020 singuli
951 2938 1131 3023 philosophi
1153 2945 1342 3025 carpuntur,

235 3061 324 3125 velut
344 3059 561 3144 Thesmopolis
583 3062 616 3125 in
641 3060 783 3127 Mercede
807 3061 991 3128 sordescis.

278 3183 322 3250 20.
348 3186 418 3268 „die
442 3186 713 3269 systematische'',
734 3187 791 3252 ubi
813 3193 897 3253 totae
919 3194 1022 3255 sectae
1041 3193 1237 3276 castigantur
1250 3194 1343 3259 etdei

234 3312 284 3376 vel
307 3331 461 3397 personae
484 3316 519 3376 ut
536 3312 741 3397 Philosophia
763 3319 794 3379 et
815 3314 946 3379 lustitia
966 3317 1085 3399 primas
1105 3324 1204 3401 agunt
1223 3325 1346 3402 partes.

278 3433 322 3503 3⁰.
354 3437 454 3520 „Eine
484 3438 578 3503 dritte
606 3437 719 3504 Klasse
744 3439 831 3524 folgl,
855 3441 905 3505 die
927 3443 1072 3527 zugleich
1096 3445 1251 3530 Apologia
1276 3447 1345 3511 und

233 3581 332 3630 neuer
353 3564 562 3631 verschdriter
584 3565 651 3629 und
675 3565 984 3652 verallgerneinerter
1006 3570 1136 3656 Angriff
1152 3569 1223 3636 ist.''

278 3689 349 3767 Qua
380 3692 567 3776 opinionum
593 3691 748 3756 discordia
771 3694 866 3758 molti
890 3695 1005 3781 dialogi
1029 3697 1068 3761 ad
1091 3699 1175 3762 ritae
1198 3701 1343 3783 tempora

234 3837 331 3902 quam
356 3819 500 3881 maxime
519 3817 668 3882 distantia
685 3818 775 3884 relati
786 3825 870 3884 sunt.
888 3819 1092 3906 „Nigrinus'’,
1105 3826 1161 3908 qui
1173 3822 1342 3894 Fritzschii

230 3944 350 4027 judicio
386 3947 511 4008 mature
545 3947 592 4008 est
626 3945 770 4029 scriptus,
805 3946 844 4011 ab
873 3947 943 4012 aliis
973 3949 1007 4011 in
1037 3953 1212 4033 posteriora
1242 3969 1337 4034 opera

233 4071 369 4152 rejectus
391 4074 446 4134 est.
471 4067 800 4156 „Icaromenippum'',
824 4075 880 4157 qui
901 4076 1145 4159 optimojureet
1158 4077 1337 4143 multorum

233 4214 392 4260 consensu
429 4195 610 4281 „Menippi”
640 4201 835 4263 continuatio
865 4201 1045 4285 putabatur,
1075 4201 1269 4269 Pritzschius
1302 4206 1342 4269 ad

234 4339 356 4385 annum
393 4321 455 4385 180
489 4322 606 4406 retulit,
639 4324 683 4388 ita
713 4328 750 4388 ut
776 4324 891 4409 viginti
921 4329 1014 4392 annis
1041 4334 1113 4413 post
1135 4330 1339 4396 simillimum
