3310 5242
847 605 889 666 48

307 812 422 895 tinebo‚
446 831 529 896 quae
551 832 569 876 a
592 813 669 876 viris
692 812 856 878 nobilibus
881 813 1011 879 detensa
1034 815 1073 879 ad
1092 821 1221 900 tempus
1242 816 1422 882 multorum

307 944 463 1022 punctum
489 938 641 1003 tulerunt.

350 1068 383 1132 ll.
407 1068 611 1150 FritzschiuS,
634 1070 669 1131 in
692 1066 860 1133 Lucianeis
886 1069 1126 1152 quaestionibus
1150 1069 1304 1153 habitans,
1324 1090 1425 1154 quam

308 1196 484 1260 meditandi
518 1197 603 1259 viam
641 1196 774 1279 scriptor
806 1196 983 1278 confecerit,
1014 1197 1059 1260 sic
1091 1195 1153 1260 sibi
1182 1195 1286 1259 finxit.
1316 1193 1425 1259 Dialo-

306 1340 385 1405 gum
409 1320 579 1404 Nigrinum
606 1339 662 1404 pre
682 1321 819 1402 juvenili
842 1340 936 1404 opere
954 1321 1075 1386 habens
1098 1320 1279 1385 Lucienum
1295 1326 1422 1386 mature

307 1445 548 1510 Platonicorum
581 1447 757 1530 praeceptis
789 1445 964 1529 imbutum,
995 1447 1109 1511 deinde
1140 1447 1179 1511 ad
1210 1447 1424 1531 scepticorum

309 1571 484 1635 doctrinam
511 1573 686 1656 delapsum,
710 1577 871 1655 postremo
895 1571 1026 1655 Epicuri
1050 1570 1254 1656 opinionibus
1278 1590 1347 1637 sese
1371 1571 1426 1635 ad-

311 1696 432 1761 dixisse
456 1698 576 1762 statuit.

352 1822 458 1886 Aliam
484 1821 712 1906 interpretandi
735 1823 821 1885 viam
846 1823 919 1884 iniit
942 1842 972 1884 v.
997 1822 1024 1885 d.
1046 1821 1252 1905 Bernaysius,
1272 1823 1327 1906 qui
1340 1822 1424 1887 libro

312 1945 451 2030 „Lucian
486 1947 552 2010 und
588 1947 639 2010 die
667 1946 826 2027 Gynilrer”
850 1967 906 2030 pro
930 1951 995 2011 tota
1018 1947 1104 2011 illius
1130 1953 1233 2012 sectae
1257 1947 1426 2031 disciplina

309 2091 439 2136 oausam
464 2073 527 2155 egit
550 2076 581 2135 et
603 2071 813 2154 Peregrinum
838 2071 1063 2154 philosophum
1077 2073 1211 2156 eiusque
1224 2073 1423 2156 discipulum

309 2199 508 2283 Theogenem
532 2198 571 2262 ab
595 2197 821 2262 obtrectatione
843 2196 979 2261 Luciani
998 2200 1081 2262 tueri
1094 2203 1226 2262 conatus
1239 2203 1295 2263 est.
1307 2197 1425 2262 Neces-

311 2326 484 2389 situdinem
520 2329 639 2406 autem,
671 2343 752 2408 quae
780 2326 864 2387 inter
895 2325 1080 2408 scriptorem
1114 2329 1144 2388 et
1175 2326 1304 2404 cynicos
1327 2326 1426 2388 inter-

308 2449 429 2527 fuisset,
452 2469 527 2512 cum
552 2450 711 2532 explicare
735 2449 795 2513 sibi
819 2450 1045 2532 proposuisset,
1070 2446 1249 2513 Lucienum
1267 2450 1425 2531 juvenem

235 2561 238 2568 ’
312 2596 331 2639 a
359 2577 449 2658 jocis,
479 2595 559 2659 quos
583 2575 630 2638 illi
652 2576 687 2637 in
710 2575 897 2658 religionem
922 2573 1108 2658 popularem
1132 2579 1163 2637 et
1185 2575 1295 2637 inania
1318 2575 1425 2638 homi-

312 2723 392 2766 nurn
418 2702 522 2766 studia
542 2703 741 2784 conjicerent,
753 2720 817 2764 non
830 2719 978 2764 aversum
992 2699 1092 2764 fuisse
1105 2700 1272 2766 conclusit.
1289 2699 1426 2783 „Aber‚''

312 2835 348 2895 ut
381 2829 549 2922 Bernaysii
583 2828 741 2914 proferam
776 2828 881 2912 verba,
919 2828 989 2910 „die
1023 2827 1332 2911 ilreundlichlreiten,
1368 2829 1430 2892 mit

314 2953 415 3020 denen
451 2957 506 3019 der
540 2954 721 3037 Kynismus
756 2956 790 3017 in
827 2955 888 3019 den
921 2953 1073 3018 friiheren
1104 2953 1261 3019 Schriften
1290 2954 1428 3018 Lucians

314 3082 447 3147 bedacht
466 3082 555 3163 wird,
575 3081 687 3145 htirten
708 3080 780 3144 bald
800 3079 861 3144 auf.
881 3078 946 3144 Der
967 3079 1157 3145 Entschluss
1179 3082 1235 3144 ihn
1247 3081 1429 3164 schonung-

313 3211 361 3274 los
395 3230 436 3272 nu
470 3208 648 3291 bekriegen,
685 3207 808 3271 scheint
844 3227 899 3270 um
940 3206 990 3270 die
1025 3206 1103 3290 Zeit,
1137 3208 1183 3271 als
1219 3206 1341 3271 Lulrian
1378 3206 1455 3270 die‘

318 3331 837 3418 „PhilosophenVersteigerung''
870 3331 1130 3415 vertiffentlichte
1152 3331 1264 3416 gereift
1287 3352 1328 3395 zu
1351 3332 1431 3395 sein.

315 3460 477 3524 Wohrend
509 3459 579 3523 dont
610 3458 660 3522 die
691 3457 798 3523 Stifter
832 3460 887 3522 der
917 3458 1054 3542 librigen
1084 3456 1433 3540 Philosophenschulen

315 3607 378 3652 nur
412 3589 505 3651 einen
535 3586 752 3650 scherzhaften
782 3584 873 3669 Spott
904 3585 1059 3667 erfahren,
1091 3585 1170 3648 wird
1200 3583 1360 3668 Diogenes
1385 3583 1433 3648 als

316 3712 424 3777 Stifter
448 3712 503 3776 des
524 3711 705 3792 Kynismus
731 3713 791 3776 mit
814 3712 869 3776 der
893 3709 1242 3794 vereohtungsvollsten
1262 3708 1433 3773 Bitterlreit

316 3837 493 3903 behandelt.
513 3835 552 3898 In
573 3836 645 3900 dem
665 3834 780 3921 Dialog
803 3836 877 3917 „der
896 3833 1046 3899 Fischer’'
1057 3834 1144 3918 giebt
1156 3853 1190 3898 er
1201 3834 1282 3898 allen
1298 3806 1432 3918 librigen

314 3962 662 4047 Philosophenschulen
685 3964 755 4027 eine
779 3963 840 4026 Art
863 3981 926 4025 von
949 3960 1240 4046 Ehrenerlrliirung,
1265 3981 1327 4026 nur
1353 3959 1433 4024 Dio·

315 4112 413 4178 genes
450 4091 528 4155 wird
561 4110 625 4155 von
660 4091 762 4156 dieser
796 4087 1074 4175 ausgenommen'’
1112 4088 1193 4172 (pag.
1229 4090 1271 4152 48
1303 4091 1334 4153 et
1365 4088 1433 4167 49).

317 4219 486 4300 Bernaysii
518 4234 592 4302 ergo
623 4219 730 4302 opinio
761 4219 789 4282 si
822 4215 984 4301 probanda
1017 4219 1073 4298 est,
1102 4213 1264 4280 Lucienus
1288 4215 1435 4297 cynicos,

317 4365 393 4438 erga
425 4364 506 4430 quos
536 4349 628 4409 antea
657 4364 721 4410 non
752 4346 863 4429 iniquo
893 4344 1007 4408 fuisset
1038 4343 1156 4426 animo,
1185 4347 1257 4427 post
1278 4341 1431 4408 Vitarum
