3310 5242
844 607 886 670 58

353 813 455 893 Quam
492 817 671 900 opinionem
704 817 777 881 licet
806 818 841 880 in
864 817 1104 903 Ioaromenippo
1127 838 1193 883 non
1214 821 1293 904 ipsis
1316 821 1420 887 verbis

306 944 540 1028 significaverit,
566 948 673 1009 tamen
696 963 714 1009 e
737 947 835 1009 totius
858 945 974 1030 dialogi
997 948 1181 1010 oeconomia
1204 947 1285 1012 effici
1307 952 1419 1032 potest.

305 1070 486 1135 Primarum
509 1074 604 1147 actor,
626 1069 895 1154 Icaromenippus,
918 1071 1137 1154 discrepantiis
1160 1072 1419 1156 philosophorum

307 1195 454 1260 turbatus
491 1197 525 1259 in
562 1195 685 1262 coelum
724 1196 875 1279 ascendit,
910 1201 946 1261 ut
980 1196 1070 1261 adis
1093 1197 1166 1281 plus
1190 1203 1310 1283 peteret
1330 1199 1422 1285 lucis,

305 1324 362 1388 sed
385 1343 404 1386 a
426 1322 508 1388 Jove
533 1323 670 1408 benigne
692 1323 829 1408 hospitio
854 1328 1011 1409 acceptus,
1031 1329 1200 1409 postquam
1220 1327 1350 1391 deorum
1369 1347 1421 1392 res

305 1448 492 1513 domesticas
526 1468 590 1513 non
626 1449 763 1513 multum
800 1470 818 1514 a
848 1450 1029 1514 mortalium
1060 1451 1183 1516 ratione
1207 1453 1324 1517 distare
1347 1472 1420 1536 cog-

304 1575 403 1657 novit,
426 1594 537 1638 norma
562 1574 602 1638 ad
627 1577 724 1639 vitam
749 1575 832 1640 beno
854 1576 1024 1660 rogandam
1047 1597 1112 1642 non
1131 1583 1240 1663 rogata
1258 1581 1419 1644 interram

303 1719 338 1765 ra
360 1700 477 1765 infecta
500 1701 601 1765 rediit.

348 1824 607 1911 Icaromenippus
632 1828 671 1892 ad
694 1829 818 1894 coelum
841 1833 1061 1915 peregrinatus
1081 1835 1146 1896 est:
1168 1835 1278 1896 contra
1296 1831 1420 1917 Menip-

304 1973 366 2037 pus
390 1953 553 2019 descendit
576 1954 616 2018 ad
638 1954 765 2038 inferos,
790 1960 826 2020 ut
848 1956 1011 2039 Tiresiam,
1030 1958 1299 2040 sapientissimum
1320 1978 1423 2042 augu-

306 2099 383 2162 rem,
409 2080 448 2145 de
471 2100 599 2145 summo
625 2080 709 2145 bono
728 2081 915 2165 consuleret,
936 2084 992 2166 qui
1010 2084 1206 2167 privatorum
1226 2085 1344 2148 civium
1364 2104 1420 2169 op-

305 2207 417 2269 timam
455 2224 524 2270 esse
558 2208 666 2289 vitam,
701 2207 874 2271 dummodo
907 2208 1138 2292 philosophiam
1167 2209 1249 2273 nihil
1271 2215 1420 2274 curarent

305 2337 336 2397 et
370 2333 553 2398 mortalium
588 2333 693 2398 studia
728 2353 802 2398 cum
836 2335 904 2399 risu
938 2334 1143 2418 despicerent,
1173 2336 1347 2400 sciscitanti
1370 2355 1420 2400 re-

304 2459 439 2543 spondit.
464 2459 547 2542 (21)

349 2583 467 2650 Fusius
501 2586 633 2651 eandem
669 2588 858 2651 sententiam
894 2589 928 2650 in
962 2586 1160 2653 Hermotimo
1186 2591 1333 2676 illustrat,
1363 2589 1420 2656 ubi

306 2713 410 2796 ampla
445 2715 718 2796 argumentatione
749 2733 767 2779 e
797 2714 955 2779 discordia
986 2721 1144 2780 sectarum
1167 2721 1199 2782 et
1221 2736 1262 2782 ex
1285 2722 1421 2802 angusta

305 2855 341 2902 ao
372 2838 464 2901 tenui
486 2838 651 2903 hominum
676 2844 791 2922 mente,
813 2841 911 2904 vitam
934 2840 1116 2905 mortalium
1140 2841 1316 2907 breviorem
1340 2862 1419 2926 esse,

305 2983 400 3046 quam
437 2967 472 3027 ut
502 2951 660 3028 summam
692 2967 856 3030 veritatem
877 2967 1031 3050 consequi
1053 2972 1192 3050 possent,
1216 2968 1418 3032 demonstrat.

305 3085 429 3161 flaturae,
453 3089 490 3160 ὡς
513 3085 580 3160 ἔπος
603 3089 699 3164 εἰπεῖν,
722 3093 829 3175 inquit
846 3089 1000 3175 Lucinus,
1019 3084 1082 3171 aspi
1096 3089 1156 3156 ὄνου
1169 3095 1252 3165 σκιᾶς
1264 3091 1418 3173 μάχονται

304 3214 328 3279 or‘
350 3219 587 3296 Φιλοσοφοῦντες.
611 3217 730 3298 (Herm.
756 3220 795 3281 71
821 3219 875 3283 cfr.
901 3220 951 3303 50,
976 3221 1027 3303 51,
1051 3221 1102 3303 53,
1125 3223 1176 3305 83,
1201 3222 1263 3304 86.)

347 3340 525 3406 Lucianum
548 3345 647 3428 igitur
670 3344 795 3410 duobus
818 3345 950 3430 dialogis
974 3347 1123 3429 antiquos
1146 3347 1295 3413 derisisse
1316 3349 1418 3432 philo·

304 3468 429 3552 sophos,
463 3468 566 3534 trihus
590 3469 661 3534 aliis
683 3472 790 3554 ipsum
813 3471 1030 3556 philosophiae
1054 3473 1196 3536 studium
1221 3476 1313 3557 quasi
1336 3494 1418 3539 mor-

303 3593 420 3659 tahbus
451 3595 565 3659 inutile
584 3596 780 3680 repudiasse,
803 3596 968 3662 manifeste
992 3597 1168 3662 ostendisse
1192 3599 1294 3663 credo.
1316 3598 1417 3663 Num·

304 3739 400 3803 quam
424 3721 486 3784 nisi
509 3739 580 3784 raro
605 3719 727 3804 (Herm.
754 3723 861 3784 9-13
884 3726 915 3786 et
937 3721 1069 3786 Ioarom.
1095 3723 1145 3806 16,
1165 3724 1216 3807 21,
1236 3724 1418 3809 29)pravos

303 3844 452 3928 aequales
475 3846 672 3929 vituperasse
694 3847 829 3930 videtur,
854 3847 940 3931 quod
964 3847 1065 3912 obiter
1085 3851 1207 3912 tantum
1227 3848 1418 3933 leoitneque

302 3971 372 4054 ipso
396 3971 538 4055 consilio,
562 3974 645 4037 sicut
667 3975 701 4036 in
724 3973 782 4039 Bis
804 3974 964 4038 Accusato
984 3979 1015 4038 et
1033 3977 1069 4038 in
1088 3975 1249 4041 Piscatore
1269 3978 1417 4044 vidimus.

348 4096 432 4174 Quid
455 4100 617 4183 igiturex
640 4101 844 4184 paragraphis
868 4102 886 4163 2
911 4105 942 4165 et
966 4103 985 4164 3
1010 4101 1222 4186 colligandum
1246 4104 1318 4168 est?

346 4223 522 4309 Postquam
554 4223 716 4291 Lucienus
740 4225 779 4290 ah
804 4228 890 4290 omni
913 4227 1131 4312 philosophiae
1154 4229 1259 4293 studio
1284 4248 1416 4295 aversus

304 4351 452 4434 antiquos
476 4352 680 4437 philosophos
703 4353 797 4418 ludos
819 4353 902 4438 fecit,
924 4355 958 4418 in
981 4353 1039 4420 Bis
1062 4356 1221 4419 Accusata
1244 4360 1276 4420 et
1293 4357 1328 4419 in
1348 4356 1417 4422 Pis-
