3310 5242
763 573 803 634 67

268 790 313 852 At
334 787 514 852 Lucienum
539 787 647 871 ipsum
671 784 710 848 de
733 783 929 866 dialogorum
953 786 1114 845 structura
1137 780 1341 845 confitentem

226 914 411 1006 audiamus!

268 1037 423 1123 Dialogus
447 1036 514 1117 (Bis
536 1037 613 1100 Acc.
639 1037 691 1117 33)
716 1035 877 1118 queritur:
902 1032 931 1105 ἐς
954 1033 986 1097 τὸ
1006 1032 1079 1096 αὐτὸ
1099 1030 1192 1113 Φὲραν
1211 1030 1341 1109 συγκαθ-

225 1161 294 1246 εῖρξὲ
313 1188 362 1242 μοι
380 1165 413 1228 τὸ
433 1167 567 1241 σκῶμμα
586 1159 638 1226 καὶ
657 1161 706 1225 τον
725 1158 837 1237 ἴαμβον
854 1157 905 1224 καὶ
925 1159 1061 1236 κυνισμὸν
1080 1157 1132 1222 καὶ
1153 1159 1201 1223 τὸν
1212 1155 1342 1222 Εὔπολιν

225 1288 275 1352 καὶ
299 1291 347 1354 τὸν
368 1287 579 1370 Ἀριστοφάνη,
602 1285 707 1359 δεινοὺς
729 1283 836 1366 ἄνδρας
860 1286 1085 1364 ἐπικερτομῆσαι
1108 1283 1149 1347 τα
1172 1282 1277 1360 σεμνοὶ.

269 1415 341 1500 lpse
362 1415 525 1480 Lucienus
547 1413 662 1495 (Prom.
678 1409 700 1491 ¹)
719 1414 753 1475 in
771 1413 829 1476 litt.
852 1414 881 1492 5)
903 1411 979 1475 dicit
998 1409 1061 1472 οὐδὲ
1080 1409 1113 1472 τὸ
1133 1409 1165 1472 ἐκ
1183 1409 1261 1483 Ιδνοῖν
1281 1414 1343 1472 σοῖν

225 1541 390 1606 καλλίστοιν
413 1540 585 1619 συγκεῖσθαι
608 1535 744 1616 διαλόγου
768 1535 819 1601 καὶ
843 1535 997 1615 κωμῳδίας
1020 1534 1092 1608 οὐδὲ,
1117 1538 1199 1598 τοῦτο
1221 1531 1339 1614 οἶσόχρκ

225 1666 264 1738 εἰς
294 1666 467 1748 εὐμορφίαν.
491 1665 532 1731 Se
555 1667 661 1749 ipsum
686 1664 846 1748 quendam
869 1663 1094 1727 Prometheum
1118 1662 1219 1726 fuisse
1241 1662 1344 1726 decla·

225 1797 273 1857 rat
295 1793 367 1856 ὅσσοῖ
390 1789 531 1872 παραθεὶς
555 1789 771 1867 κεκαλυμμένα
792 1797 829 1870 τῇ
853 1797 975 1870 πιμελῇ,
1000 1787 1119 1866 γέλωτα
1143 1789 1269 1865 κωμικὸν
1289 1786 1343 1851 ὑπὸ

226 1917 379 1995 σεμνδτντν
403 1917 567 1998 Φιλοσοφῷ.
592 1917 708 1996 (Prom.
732 1919 766 1980 in
789 1917 847 1980 litt.
874 1918 912 1998 7).

268 2044 383 2109 Nonne
417 2046 452 2107 in
487 2047 595 2108 nostro
628 2043 752 2126 dialogo
781 2043 922 2107 laudatio
947 2042 1074 2126 Nigrini
1098 2039 1194 2118 νέλοο
1219 2037 1348 2118 κωμικός

227 2170 286 2234 tibi
306 2169 457 2235 videtur?
481 2167 603 2250 Cynica
626 2188 700 2234 vero
723 2174 897 2252 praecepta,
920 2170 990 2232 sine
1013 2168 1110 2232 dubio
1134 2168 1174 2231 ad
1198 2166 1342 2251 Menippi

227 2295 411 2381 exemplum
437 2300 580 2372 tractata,
603 2313 711 2358 nonne
733 2291 876 2370 σεμνότης
899 2291 1062 2374 Φιλοσοφάο
1085 2295 1246 2356 nominari
1269 2312 1342 2376 pos-

226 2423 324 2486 sunt?
347 2421 463 2486 Nonne
486 2424 556 2506 ipse
577 2420 741 2486 Lucienus
764 2421 804 2484 ad
828 2422 910 2484 hanc
934 2421 1018 2484 initii
1042 2421 1196 2504 originem
1216 2421 1345 2504 respicit

226 2567 298 2613 cum
334 2568 368 2614 se
401 2548 440 2612 ab
477 2550 579 2612 amico
615 2551 661 2612 sic
694 2549 885 2631 interrumpi
915 2546 1026 2630 fingit:
1060 2547 1096 2616 ὡς
1128 2539 1158 2608 εὖ
1181 2569 1218 2622 γε
1241 2544 1274 2617 νὴ
1296 2547 1345 2609 σὸν

226 2671 339 2752 Ἑρμῆν
372 2671 423 2736 καὶ
454 2671 535 2736 κατα
558 2673 605 2736 τον
628 2677 683 2736 τῶν
702 2674 820 2754 ῥητόρων
840 2672 926 2749 νόμον
945 2671 1191 2752 τετροονμίασταί
1212 2695 1253 2737 σοι
1277 2674 1342 2754 (10)

226 2803 257 2863 et
285 2794 366 2872 οὗτος
395 2796 464 2878 ανὴρ
496 2799 527 2862 οὐ
558 2796 704 2863 τοένσεται
735 2799 857 2875 τήμερον
887 2799 955 2877 πρός
987 2821 1026 2875 με
1057 2805 1152 2878 πολλῇ
1183 2806 1220 2879 τῇ
1251 2805 1341 2879 σκννῇ

226 2925 374 3005 χρώμενος
399 2927 491 3009 (12)Ρ

270 3053 304 3118 Si
334 3048 449 3117 Kockii
479 3053 610 3136 auxilio,
640 3055 698 3138 qui
730 3072 747 3117 e
777 3055 880 3118 nostri
904 3053 1022 3137 dialogi
1042 3027 1134 3117 initio
1159 3053 1268 3118 decem
1291 3054 1348 3117 tri·

227 3185 344 3245 metros
367 3200 402 3245 ee
424 3181 603 3244 restituisse
624 3179 795 3259 contendit,
819 3181 1034 3264 conjecturam
1059 3179 1201 3245 stabilire
1224 3181 1350 3262 vellem,

227 3306 333 3370 locum
353 3308 510 3370 comicum
532 3326 573 3370 ex
592 3307 789 3390 Aegyptiace
809 3327 929 3391 papyro
947 3313 1020 3372 ante
1032 3326 1151 3392 paucos
1163 3327 1265 3372 annos
1277 3326 1350 3392 pro-

227 3437 363 3498 tractum
376 3433 487 3498 afferre
497 3453 634 3518 possem,
648 3435 704 3517 qui
715 3432 847 3516 pulchre
859 3454 933 3497 cum
945 3435 1037 3497 initio
1049 3431 1177 3517 Nigrini
1189 3436 1349 3499 convenit.

271 3559 402 3646 Legitur
425 3563 510 3626 enim
534 3561 620 3646 apud
642 3559 802 3625 Koolrium
825 3560 959 3644 (Fragm.
985 3560 1071 3625 Gom.
1095 3560 1153 3624 ΙΙΙ,
1175 3561 1349 3646 420)frag-

230 3693 376 3753 mentum
400 3708 441 3753 ex
463 3689 584 3753 incerto
608 3692 756 3752 auctore:

384 3823 489 3905 ε’ρκμία
512 3823 566 3902 μὲν
589 3826 675 3898 ἐστιν,
699 3825 768 3888 adua
792 3822 949 3888 anaema

385 3949 477 4023 οὐδεὶς
498 3951 595 4032 ταρών
619 3953 754 4028 μουσῶν
777 3947 881 4029 λόγον,
907 3946 943 4013 ὧν
966 3949 1003 4014 ἂν
1026 3949 1113 4028 λέγοι.

236 4145 381 4155 —n-———

264 4261 291 4326 1)
309 4261 379 4313 V.ol.
397 4261 522 4313 Hartman
539 4263 567 4312 in
584 4263 644 4313 diss.
660 4277 707 4313 sua
723 4266 792 4313 recte
808 4263 910 4313 monuit
926 4261 1225 4314 titulumllbrinonesse
1235 4262 1339 4332 „Prom

230 4354 260 4408 in
276 4352 375 4406 verbis”
400 4355 444 4405 aed
461 4355 564 4424 „Prom
582 4355 609 4405 in
628 4352 749 4406 litteris”.
