3310 5242
792 587 834 650 23

298 797 375 882 Ipse
398 796 559 864 Lucianus
583 797 676 863 nobis
697 798 835 883 tradidit,
859 819 953 884 quam
977 799 1161 886 frequenter
1180 802 1265 867 clara
1285 801 1375 867 Sala·

246 926 352 990 minis
384 931 416 990 et
439 924 637 990 Marathonis
661 928 792 992 nomina
815 927 872 992 has
897 927 1111 1011 sophistarum
1138 928 1380 994 declamationes

242 1052 417 1117 illustrare
451 1053 597 1117 solerent.
628 1052 689 1118 Vel
719 1053 798 1117 adeo
828 1052 868 1116 ad
899 1071 967 1118 eam
996 1053 1140 1138 putidam
1164 1057 1261 1138 atque
1284 1073 1372 1138 prae-

245 1183 412 1266 posteram
448 1181 657 1244 imitationem
692 1181 852 1264 progressi
884 1184 969 1264 sunt,
998 1184 1034 1244 ut
1063 1182 1132 1264 ipsa
1164 1181 1370 1264 antiquorum

247 1309 421 1370 anctorum
445 1324 539 1389 opera
562 1309 730 1370 retractare
753 1308 785 1370 et
804 1306 832 1368 si
853 1311 992 1390 possent,
1012 1310 1383 1390 superareconarentnr..

247 1430 367 1496 Aelius
396 1431 563 1514 Aristides,
591 1431 697 1495 rhetor
719 1429 854 1496 Luciani
878 1432 1031 1516 aequalis,
1051 1432 1278 1498 declamatione
1301 1431 1370 1512 πρὸς

247 1554 399 1629 Λεπτίνην
440 1557 593 1641 inscripta
634 1555 890 1642 Demosthenem,
923 1558 1096 1624 Isocratem
1133 1560 1274 1624 oratione
1309 1579 1368 1624 sua

245 1673 485 1747 Panathenaico
509 1682 693 1748 antecedere
717 1683 848 1747 studuit.

294 1807 380 1872 Ante
410 1827 521 1876 omnes
552 1811 702 1893 antiquos
733 1808 900 1892 Isocrates,
930 1829 1036 1895 aquo
1059 1811 1110 1874 via
1134 1811 1174 1875 ad
1196 1810 1369 1876 rhetoricas

248 1936 495 2000 exercitationes
507 1935 661 2019 patefacta
674 1940 766 2020 esset,
778 1935 928 2002 laudibus
941 1937 1137 2004 efferebatur.
1150 1935 1281 2002 navius
1293 1936 1368 2001 Phi-

245 2062 400 2125 lostratus
436 2061 539 2144 (Vitae
569 2061 663 2146 Soph.
691 2061 716 2145 I,
740 2083 768 2146 p.
793 2064 847 2146 21)
871 2064 970 2127 vitam
994 2065 1063 2128 eius
1087 2065 1248 2127 enarravit
1270 2066 1366 2146 atque

250 2188 406 2252 Aristides
426 2207 499 2253 eum
520 2190 664 2252 nominat
683 2186 748 2251 τινὰ
759 2191 815 2251 τῶν
827 2187 990 2266 ἐλλογίμων
1003 2187 1052 2253 nal
1063 2191 1197 2252 catardo
1209 2191 1365 2270 σοφιστῶν,

248 2312 338 2378 unde
361 2314 457 2378 simul
481 2320 609 2398 apparet
634 2315 869 2379 Antoninorum
889 2333 967 2380 aevo
986 2317 1070 2381 inter
1088 2317 1219 2380 nomina
1229 2316 1365 2382 rhetoris

245 2445 280 2505 et
306 2441 465 2524 sophistae
488 2459 582 2506 omne
606 2441 775 2507 discrimen
799 2459 869 2506 esse
888 2441 1062 2506 sublatum.
1086 2440 1158 2522 (Ofr.
1182 2440 1283 2506 Praef.
1297 2441 1359 2506 Vit

243 2565 340 2650 Soph.
363 2565 463 2630 Flavii
486 2566 645 2652 Philostr.)

290 2690 389 2758 Vides
410 2712 485 2778 ergo
503 2730 546 2740 —
563 2699 671 2778 postea
683 2697 768 2759 enim
782 2696 866 2779 apud
879 2693 1058 2760 Lucianum
1072 2692 1209 2758 eundem
1221 2694 1363 2778 viguisse

245 2837 368 2883 morem
399 2819 561 2903 apparebit
592 2857 633 2866 —
666 2821 822 2913 sophistas
854 2839 919 2884 non
943 2821 1044 2906 magis
1067 2839 1151 2886 nova
1174 2825 1361 2906 argumenta

244 2964 262 3010 e
294 2963 353 3008 suo
384 2944 518 3010 finxisse
549 2947 687 3030 ingenio,
717 2966 812 3031 quam
837 2947 984 3031 exempla
1008 2967 1026 3012 a
1048 2945 1225 3011 maioribus
1249 2947 1363 3012 hadita

243 3071 397 3137 imitando
420 3061 576 3152 refecisse.

289 3197 400 3262 Unum
425 3203 547 3264 tantum
571 3200 749 3266 litterarum
772 3220 885 3286 genus,
909 3201 995 3285 quod
1019 3201 1105 3286 apud
1127 3201 1251 3266 Atticos
1264 3200 1361 3284 scrip-

242 3329 329 3388 tores
358 3323 476 3390 frustra
503 3327 680 3410 ¹quaeritur,
713 3347 831 3412 magno
864 3329 970 3392 studio
992 3348 1011 3392 a
1033 3326 1214 3393 rhetoribus
1236 3325 1361 3391 excole·

241 3450 345 3516 betur.
380 3451 488 3516 Prima
512 3453 596 3516 enim
621 3455 797 3537 specimina
819 3453 999 3520 fabularum
1023 3454 1106 3519 fictis
1130 3457 1304 3518 amatorum
1330 3455 1361 3516 et

240 3579 515 3662 peregrinatorum
559 3578 686 3644 casibus
728 3579 926 3664 retentarum,
963 3601 1045 3665 quas
1078 3581 1179 3665 patrio
1215 3595 1360 3644 sermone

240 3702 381 3767 novellare
411 3722 525 3768 vocare
553 3705 701 3788 solemus,
725 3707 758 3769 in
782 3706 944 3772 rhetorum
970 3707 1119 3790 operibus
1141 3706 1360 3769 inveniuntur.

240 3829 316 3894 dam
353 3831 438 3914 apud
467 3829 602 3897 Dionem
633 3832 811 3897 Prusaeum
845 3835 878 3896 in
913 3834 1063 3917 oratione,
1098 3851 1181 3917 quae
1214 3830 1358 3897 Euboica

239 3957 433 4041 inscribitur,
458 3958 654 4042 lepidissima
676 3965 825 4024 narratur
846 3958 963 4043 fabula,
986 3959 1042 4023 ubi
1066 3958 1203 4044 simplex
1222 3958 1357 4023 rustico·

238 4103 313 4147 rum
347 4085 498 4148 vitatam
521 4084 657 4150 fideliter
681 4085 872 4168 depingitur,
895 4091 933 4150 ut
955 4084 1039 4149 infra
1062 4086 1179 4168 optima
1202 4085 1357 4150 recentio-

239 4227 313 4272 rum
344 4214 522 4293 temporum
554 4212 729 4295 specimina
748 4210 886 4293 judicari
909 4231 1115 4296 nequaqnam
1138 4208 1257 4276 debeat
1281 4209 1355 4294 Ipse

241 4332 405 4400 Lucienus
429 4336 552 4421 dialogo
574 4338 732 4402 Toxaride
755 4336 862 4403 decem
887 4359 905 4406 e
928 4341 993 4403 vita
1015 4339 1209 4404 Graecorum
1230 4343 1260 4403 et
1280 4335 1357 4418 Scy·
