3328 5234
825 581 888 643 122

297 792 338 857 ὅτι
359 794 389 856 οὐ
409 797 481 874 κννᾷ
501 796 670 857 accusatus
690 797 783 856 acute
801 793 973 877 respondet
991 793 1075 856 ἄλλοι
1094 791 1130 855 σὺ
1155 793 1206 856 οὐκ
1229 781 1422 872 ἀνθρωπίζεις.

293 919 409 982 Nonne
438 918 580 982 Lucieno
612 919 735 982 amicus
759 937 829 983 esse
853 917 963 982 debuit
986 919 1040 982 ille
1064 916 1233 983 Demonax
1256 915 1422 994 ὁμοδίαιτος

295 1041 407 1108 ἅπασιν
437 1042 473 1106 ὢν
502 1041 555 1107 aa}
587 1041 674 1122 πεζὸς
704 1042 755 1106 nat
786 1043 844 1108 οὐδ’
876 1043 923 1107 ἐπ’
956 1042 1052 1121 ὀλίγον
1085 1044 1171 1124 τύφῳ
1195 1041 1326 1123 κάτοχος
1350 1044 1419 1126 (5)P

297 1169 423 1254 Optime
452 1172 487 1233 in
517 1168 744 1234 Demonactem
768 1172 920 1234 convenit
941 1171 1047 1254 imago
1071 1170 1203 1253 perfecti
1227 1170 1421 1253 philosophi,

297 1317 393 1380 quam
417 1295 579 1360 Lucienus
601 1298 635 1359 in
658 1295 793 1379 Nigrino
817 1299 848 1361 et
873 1295 948 1359 alibi
970 1294 1032 1360 sibi
1055 1294 1201 1359 finxerat.
1239 1290 1243 1295 ’

341 1419 472 1485 Utinam
495 1421 549 1485 ille
571 1422 671 1503 locus,
693 1420 751 1484 ubi
775 1421 814 1484 de
837 1420 971 1485 Sostrati
994 1421 1071 1484 Vita
1093 1420 1128 1484 fit
1151 1422 1281 1502 mentio,
1304 1439 1345 1484 ne
1367 1420 1422 1484 ob-

299 1552 403 1630 staret,
440 1549 613 1630 qucminus
649 1565 777 1611 omnem
808 1548 1022 1630 suspicionem
1057 1547 1095 1611 de
1127 1546 1291 1610 authentia
1313 1546 1422 1610 redar-

296 1692 476 1759 gueremus.
511 1674 634 1738 Iterum
668 1675 768 1755 igitur
802 1672 908 1756 verba,
940 1692 1023 1756 quae
1046 1671 1172 1737 duabus
1196 1673 1307 1756 primis
1331 1692 1423 1756 para-

296 1801 425 1884 graphis
455 1801 617 1883 leguntur,
652 1802 877 1884 inspiciamus:
902 1800 941 1863 de
964 1799 1105 1863 Sostrate
1129 1804 1256 1882 propter
1279 1801 1422 1882 corporis
1487 1831 1489 1836 v

266 1958 270 1963 -
299 1927 451 1989 virtutem
474 1926 644 2008 laudando,
668 1933 699 1989 et
723 1925 762 1989 de
774 1923 969 1989 Demonacte
982 1927 1101 2009 optimo
1115 1925 1302 2008 philosopho
1316 1943 1422 1988 sermo

301 2069 371 2115 esse
406 2051 541 2114 videtur.
577 2049 779 2135 Quantopere
813 2057 918 2116 autem
955 2052 1009 2116 ilie
1044 2053 1194 2133 rusticus,
1227 2052 1254 2114 si
1277 2049 1422 2114 Luciano

299 2177 447 2259 cognitus
487 2176 608 2254 fuisset,
643 2178 785 2241 taedium
819 2183 850 2242 et
885 2180 987 2242 risum
1022 2181 1052 2241 ei
1087 2195 1213 2243 movere
1249 2176 1421 2259 debuisset,

300 2322 397 2385 supra
416 2304 483 2385 jam
507 2304 583 2366 satis
607 2304 739 2368 ostendi.

345 2428 461 2493 Nonne
484 2431 552 2512 ipse
575 2429 747 2512 Lucienus,
773 2450 836 2513 qua
860 2430 1015 2494 viaillum
1029 2431 1198 2494 molestum
1211 2428 1423 2494 Sostratume

301 2552 508 2620 Demonactis
533 2555 608 2620 Vita
630 2556 838 2640 expellamus,
861 2556 954 2621 nobis
978 2558 1191 2621 monstravit?
1204 2556 1321 2640 Ample
1334 2557 1421 2620 enim

301 2682 340 2746 de
369 2679 575 2746 Demonactis
604 2682 822 2765 philosophiae
845 2685 1039 2766 praestantia
1061 2684 1189 2747 locutus
1216 2684 1343 2767 scripsit
1368 2684 1422 2764 §4

303 2803 457 2884 Δομῶνοοξ
478 2806 528 2871 xci
551 2808 583 2872 τὸ
603 2811 691 2884 σῶμοο
703 2807 909 2886 ἐγεγύμναστο
921 2808 970 2872 καὶ
983 2811 1051 2890 πρὸς
1063 2809 1212 2891 κοιρτερίοον
1225 2807 1421 2882 διεπεπόνητο.

345 2932 434 3009 Quae
457 2953 531 2997 cum
554 2935 598 2998 ita
621 2936 693 3018 sint,
717 2955 782 2998 non
806 2936 846 2998 ad
870 2936 943 3019 due,
967 2937 1023 3000 sed
1047 2937 1086 3000 ad
1110 2957 1214 3000 unum
1237 2942 1268 3001 et
1281 2936 1419 3001 eundem

300 3059 416 3136 virum,
446 3056 674 3122 Demonactem
704 3078 826 3143 nempe,
854 3060 950 3125 verba
973 3080 1014 3125 ex
1036 3063 1128 3124 initio
1153 3061 1291 3137 σώματος
1316 3059 1422 3141 otperto

300 3182 436 3264 ὑπερφυᾶ
470 3180 522 3246 act
557 3183 678 3260 γνώμην
712 3180 804 3264 ἄκρως
839 3183 1002 3266 φιλόσοφον
1036 3186 1202 3251 referenda
1238 3205 1308 3251 esse
1340 3187 1420 3250 mihi

301 3310 466 3390 videntur3
491 3311 579 3374 unde
603 3313 749 3394 sequitur
771 3317 869 3377 totam
893 3312 1099 3378 Demonactis
1127 3313 1354 3397 praefationem
1380 3312 1420 3376 ab

301 3455 338 3500 eo
363 3456 432 3502 esse
455 3438 664 3510 immutatam,
688 3439 743 3520 qui
767 3438 875 3502 Vitam
899 3437 1034 3504 Sostrati
1059 3438 1152 3504 nobis
1175 3459 1233 3522 pro
1254 3458 1347 3522 opere
1358 3437 1422 3502 Lu-

301 3567 411 3630 cianeo
435 3565 601 3630 venditare
624 3568 793 3628 conaretur
806 3563 837 3647 ¹).

488 3802 517 3866 5.
541 3802 590 3865 De
612 3800 755 3865 Ιοοοοὶοοοο
777 3799 821 3864 ad
843 3804 1026 3866 senectutem
1050 3797 1235 3882 decernente.

345 3986 418 4052 Jam
443 4006 540 4070 supra
561 4007 634 4050 cum
659 3987 698 4052 de
721 3987 887 4071 Peregrini
910 3985 1012 4049 Morte
1029 3984 1125 4049 verba
1145 3984 1292 4068 facerem,
1309 3984 1424 4048 Lucia-

300 4132 380 4175 num
411 4114 483 4176 odio
513 4112 680 4198 abreptum
704 4114 796 4177 illum
821 4113 1044 4198 philosophum
1068 4114 1206 4197 eiusque
1229 4112 1423 4197 discipulum

335 4343 363 4409 i)
382 4343 466 4395 Etiam
492 4344 568 4394 verba
585 4345 616 4395 de
633 4345 819 4397 Timocratem
837 4345 876 4412 §3
893 4351 979 4410 postea
997 4347 1092 4397 inserta
1111 4360 1165 4396 esse
1182 4359 1228 4408 pro
1245 4349 1314 4395 certo
1331 4347 1426 4396 statuo.
