3328 5234
780 563 819 623 77

240 777 352 837 cautus
382 772 493 856 judex,
528 793 603 836 cum
637 773 672 836 in
700 773 833 837 consilio
858 774 1047 857 exponendo
1072 774 1111 837 ad
1136 777 1251 840 incitas
1274 781 1359 842 esset

239 898 393 981 redactus,
417 899 613 963 authentiam
639 898 834 982 aliquamdiu
860 901 894 962 in
918 899 1053 964 dubium
1077 902 1215 967 vocavit.

282 1023 435 1109 Hirschig
478 1006 588 1089 noster
627 1026 660 1088 in
704 1025 926 1090 dissertatione
966 1026 1024 1107 „de
1060 1026 1226 1090 Parasito”
1261 1048 1292 1111 p.
1330 1030 1359 1112 3,

240 1149 381 1233 scripsit:
408 1149 589 1232 „quodnam
609 1152 808 1233 propositum
828 1149 974 1214 habuerit
987 1154 1098 1214 auctor
1113 1152 1253 1235 omnino,
1266 1153 1360 1237 quid-

240 1294 314 1338 nam
347 1276 510 1359 speciatim
541 1274 677 1358 singulis
702 1275 848 1357 volucrit,
874 1275 1099 1339 difficillimum
1124 1281 1172 1340 est
1197 1275 1359 1361 definire‚’'

240 1402 369 1484 addens,
406 1402 485 1484 „hoc
518 1401 653 1466 fortasse
687 1406 826 1466 statuere
859 1403 1043 1485 poterimus
1078 1406 1240 1466 auctorem
1271 1403 1359 1467 hunc

240 1525 383 1592 libellum
419 1530 584 1612 scripsisse
614 1547 651 1592 eo
682 1529 824 1611 consilio,
848 1533 885 1592 ut
908 1528 1091 1612 exploderet
1114 1529 1263 1612 aequales
1286 1529 1359 1594 Pla·

241 1658 347 1718 tonem
380 1655 541 1719 imitantes
576 1655 716 1718 adhibito
752 1655 868 1739 dialogi
902 1654 1060 1719 Platonici
1094 1655 1233 1720 tenore.''
1269 1653 1359 1731 Quae

242 1780 347 1863 opinio
382 1782 410 1844 si
439 1799 515 1844 vera
539 1785 631 1864 esset,
654 1780 819 1844 Parasitus
843 1800 917 1844 cum
940 1779 1127 1864 Lexiphane
1151 1780 1251 1864 (quod
1276 1801 1357 1865 opus

240 1911 349 1988 postea
381 1905 533 1986 tractabo)
568 1907 742 1989 comparari
778 1911 893 1990 posset,
928 1905 985 1970 ubi
1015 1904 1177 1970 Lucianus
1208 1908 1357 1989 aequales

240 2031 381 2096 rhetores
405 2032 444 2095 ob
467 2032 640 2096 ridiculum
661 2033 837 2116 priscorum
858 2032 1029 2097 verborum
1052 2051 1147 2096 usum
1167 2038 1358 2116 exaggerata

240 2158 416 2223 imitatione
439 2159 633 2242 perstrinxit.
658 2157 720 2222 Sed
744 2159 804 2222 hoc
822 2177 920 2242 grave
941 2159 1112 2223 discrimen
1132 2160 1215 2223 inter
1235 2165 1359 2224 utrum·

242 2303 304 2367 que
326 2305 407 2369 opus
429 2286 580 2368 cernitur,
605 2285 690 2369 quod
713 2282 908 2368 Laxiphanis
933 2285 1104 2348 consilium
1130 2285 1268 2368 quisque
1287 2303 1360 2368 per·

242 2411 342 2494 spicit,
371 2412 405 2473 in
434 2410 578 2474 Parasito
611 2429 686 2474 vero
718 2410 850 2474 eandam
885 2411 1085 2494 parodiacam
1111 2415 1258 2474 naturam
1283 2410 1359 2474 Hir·

242 2538 382 2621 sohigius
406 2538 572 2601 ostendere
595 2555 659 2600 non
683 2538 795 2621 potnit.
819 2535 901 2599 Nam
926 2537 1082 2600 occultam
1107 2535 1194 2598 illam
1218 2537 1358 2619 satiram,

242 2683 337 2747 quam
372 2665 499 2747 saepius
533 2662 708 2746 repudiavi,
735 2662 875 2726 hicnon
898 2664 1000 2746 magis
1024 2664 1166 2726 inveniri
1188 2682 1246 2746 pro
1271 2666 1357 2726 certo

242 2793 353 2853 statuo.
376 2787 569 2852 Imitationis
592 2807 667 2852 vero
691 2789 885 2852 comicorum
908 2807 1038 2871 memor,
1058 2790 1166 2852 statim
1186 2789 1357 2852 consilium

242 2885 345 2998 neque
368 2914 401 2978 id
425 2917 544 2979 serium
567 2915 756 2998 perspicias;
780 2915 918 2998 parasito
942 2914 982 2993 τῷ
1010 2912 1248 2994 κεκωμῳδημένῳ
1270 2911 1357 2993 γένει,

244 3046 278 3105 ut
304 3043 450 3106 Alexidis
482 3041 587 3106 verbis
613 3046 691 3124 utar,
715 3040 877 3105 Lucienus
900 3043 988 3105 varia
1006 3040 1127 3124 judicia
1153 3041 1238 3124 apud
1261 3041 1359 3103 comi-

242 3187 295 3232 cos
319 3168 358 3232 da
379 3167 575 3252 philosophis
599 3173 630 3231 et
649 3167 830 3233 rhetoribus
842 3171 973 3234 inventa
985 3167 1105 3233 tribuit
1119 3167 1279 3251 Epicurus
1292 3168 1359 3247 (11)
1446 3140 1448 3144 ’

243 3299 410 3382 accusatur
432 3315 450 3358 a
472 3296 627 3378 parasit03
651 3295 836 3378 Aeschines
860 3296 1053 3378 Aristippus,
1075 3294 1166 3357 Plato
1179 3295 1253 3375 (31),
1266 3293 1360 3376 quasi

242 3423 302 3506 ipsi
324 3423 452 3506 parasiti
475 3420 549 3485 facti
573 3428 687 3503 assent,
707 3422 938 3485 inconstantiae
958 3422 1131 3505 culpantur
1152 3424 1182 3484 et
1198 3419 1360 3504 Diogenes

243 3553 272 3611 et
305 3547 448 3612 Socrates
478 3551 642 3630 tamquam
673 3548 708 3610 in
741 3546 823 3611 bello
846 3549 955 3631 ignavi
980 3548 1097 3611 milites
1120 3548 1360 3631 reprehendun-

243 3679 294 3738 tur
322 3676 395 3756 (43).
426 3673 515 3750 Quae
539 3674 691 3757 convicia,
715 3677 791 3738 satis
815 3673 939 3758 frigida,
965 3693 982 3738 e
1007 3673 1169 3738 comoedia
1194 3675 1278 3738 sumi
1303 3693 1360 3758 po·

243 3801 341 3864 tuisse
360 3819 453 3864 nemo
473 3799 609 3884 negabit,
625 3802 683 3883 qui
695 3799 734 3864 ab
746 3800 960 3883 Aristophane
974 3819 1078 3883 usqne
1089 3801 1130 3863 ad
1141 3799 1357 3863 Menandrum

238 3928 327 4010 jocos
349 3928 383 3989 in
405 3926 528 3991 nobiles
551 3927 755 4010 philosophos
777 3945 901 4010 semper
922 3928 1052 3991 comicis
1073 3928 1174 4010 poetis
1187 3927 1222 3988 in
1236 3926 1359 3991 deliciis

242 4051 341 4117 fuisse
364 4071 472 4117 secum
493 4054 695 4136 reputaverit.
721 4049 809 4126 Quae
833 4051 947 4116 deinde
970 4050 1009 4115 de
1030 4051 1169 4114 Isocrate
1189 4056 1221 4114 et
1240 4050 1360 4115 Demo·

243 4179 353 4244 sthene
374 4181 439 4261 (42)
458 4180 597 4263 maligne
614 4183 794 4260 narrantur,
814 4195 855 4242 ex
874 4177 985 4243 eodem
1003 4177 1090 4241 fonte
1108 4175 1244 4241 fluxisse
1255 4181 1350 4260 pnt03

242 4305 387 4388 suspicor
410 4307 496 4369 enim
518 4303 696 4368 Lucianum
718 4304 753 4366 in
777 4322 815 4368 ea
833 4322 868 4368 re
885 4303 1056 4368 Timoclsm
1070 4303 1228 4367 comicum
1243 4303 1361 4368 ducem
