3328 5234
768 585 829 645 127

280 795 527 860 Necessitudine
550 798 666 899 autem,
690 813 772 877 quae
794 797 878 859 inter
896 795 1054 878 genuinos
1072 794 1171 860 libros
1189 815 1246 879 per
1259 797 1362 862 (iruer-

239 941 290 987 ses
324 924 443 987 aetates
472 921 689 1003 intercederet,
721 941 816 1004 quam
850 922 1088 985 accuratissime
1111 924 1264 1006 exposita,
1282 924 1362 987 reli-

240 1070 341 1134 quum
366 1055 423 1134 est,
447 1054 482 1114 ut
504 1051 718 1133 inquiremus,
748 1055 827 1132 quot
847 1049 945 1114 libelli
965 1049 1085 1114 subditi
1102 1050 1268 1132 Judicandi
1289 1052 1360 1114 sint.

561 1348 589 1408 2.
615 1344 664 1411 De
685 1345 825 1430 operibus
847 1345 1029 1411 subditiciis.

279 1558 575 1640 Quotienscumque
605 1559 641 1621 in
672 1557 890 1641 superioribus
929 1558 1171 1641 quaestionibus
1193 1579 1362 1643 argumen-

236 1688 312 1749 tatio
347 1685 431 1767 tulit,
464 1689 498 1747 ut
530 1684 568 1748 de
599 1685 764 1748 authentia
798 1684 936 1748 alicuius
959 1683 1033 1747 libri
1056 1686 1238 1767 opinionem
1263 1704 1361 1769 expo·

236 1830 355 1892 nerem,
375 1811 503 1892 saepius
523 1807 715 1873 Luniensem
736 1810 891 1893 originem
913 1814 1024 1873 contra
1037 1811 1180 1873 virorum
1194 1810 1360 1875 doctorum

238 1937 372 2000 crimina
406 1934 583 2017 defendere,
608 1955 705 2018 quem
729 1954 810 2026 opus
833 1935 966 2019 aliquod
990 1937 1074 2000 inter
1098 1938 1208 2019 spuria
1231 1937 1361 2018 rejicere

239 2067 373 2126 conatus
397 2081 479 2125 sum.

281 2187 326 2251 Ut
359 2186 498 2250 breviter
532 2205 601 2250 mea
629 2186 806 2268 judiciuin
832 2192 969 2252 vestram
997 2189 1182 2251 memoriam
1206 2205 1363 2270 revocem,

236 2312 334 2376 libros
367 2312 405 2375 de
437 2310 621 2393 Saltatione,
644 2310 836 2395 Hesiodum,
860 2313 1033 2396 Imagines,
1057 2311 1244 2395 Nigrinum,
1267 2311 1363 2374 Para·
1413 2389 1415 2392 Ι

235 2440 345 2514 situm,
379 2438 531 2520 Asinum,
566 2436 810 2520 Demonactem,
847 2439 886 2502 de
918 2436 1034 2520 Luctu,
1059 2437 1097 2500 de
1121 2435 1300 2518 Sacrificiis,
1323 2435 1362 2500 ab

235 2564 305 2646 ipso
329 2561 471 2626 Lucieno
496 2563 630 2645 scriptos
654 2581 732 2644 asse,
756 2562 829 2627 licet
852 2564 885 2625 in
911 2563 972 2626 alia
996 2562 1182 2644 quaestione
1203 2560 1361 2642 nonnulli,

236 2692 271 2752 in
305 2690 367 2753 alia
401 2689 544 2772 plerique
567 2689 720 2773 philologi
743 2687 953 2772 refragentur,
976 2707 1032 2770 pro
1057 2691 1142 2750 certo
1166 2691 1281 2768 statuo,
1305 2685 1362 2750 sed
1425 2758 1428 2764 ¹

238 2816 301 2879 duo
335 2814 433 2879 libros
469 2812 627 2895 Cynicum
659 2820 691 2879 et
721 2815 920 2898 Philopatrin
952 2816 1081 2896 propter
1113 2830 1296 2875 sermonem
1331 2816 1363 2875 ct

237 2947 464 3028 argumentum
491 2942 564 3006 lucc
587 2942 704 3006 clarius
724 2942 936 3006 adulterinam
961 2941 1116 3022 originem
1133 2938 1263 3021 prodere
1276 2941 1362 3020 puto.

282 3068 416 3132 Restant
451 3086 540 3130 nuno
564 3072 635 3130 octo
658 3066 733 3130 libri
758 3067 923 3130 communi
948 3083 1107 3128 consensu
1130 3067 1213 3126 inter
1236 3064 1362 3146 spurios

235 3194 352 3276 rejecti,
386 3194 431 3256 ita
465 3197 501 3256 ut
535 3193 614 3256 viris
637 3193 772 3256 eruditis
795 3194 925 3275 ineptus
950 3209 1020 3255 esse
1043 3189 1177 3270 viderer,
1201 3190 1229 3252 si
1252 3189 1359 3252 denuc

236 3320 271 3382 in
306 3338 418 3383 eorum
454 3319 611 3402 originem
645 3320 844 3401 inquirerem
858 3331 874 3398 3*
895 3318 928 3380 in
953 3317 1088 3380 aliorum
1112 3317 1212 3400 igitur
1231 3316 1363 3397 judiciis

237 3446 434 3531 proferendis
458 3463 512 3509 me
535 3444 714 3527 continebo,
733 3446 767 3507 in
789 3445 895 3508 medio
907 3444 1104 3527 relinquens,
1117 3447 1227 3506 utrum
1241 3440 1364 3525 ubique

236 3591 352 3637 verum
374 3571 515 3635 viderint
539 3590 647 3635 necne.

280 3698 304 3761 I.
329 3695 485 3782 Dialogus
508 3697 639 3762 Amores
660 3701 786 3782 propter
808 3697 963 3780 grandem
991 3701 1022 3760 et
1046 3696 1211 3760 tumidum
1238 3714 1359 3759 sermo·

237 3843 313 3888 nam
337 3823 378 3887 ab
403 3822 554 3888 omnibus
577 3824 756 3887 rectissime
780 3822 952 3885 damnatus
970 3821 992 3903 1)
1016 3820 1055 3884 ab
1081 3839 1118 3884 ao
1143 3821 1281 3903 scriptus
1304 3824 1364 3904 est,

237 3953 294 4034 qui
328 3951 472 4014 notitiam
510 3969 586 4013 cnm
617 3947 751 4013 Lucieni
783 3947 932 4030 operibus
967 3951 1163 4010 contractam
1197 3946 1364 4012 ostendere

239 4142 386 4154 ——nnn

268 4257 298 4323 l)
312 4258 427 4310 Lucinus
444 4274 467 4309 e.
475 4274 500 4324 g.
517 4257 721 4309 Theomnestum
738 4258 853 4308 amicum
871 4259 908 4309 sic
923 4258 1031 4308 effatur:
1049 4257 1094 4306 eal
1107 4273 1147 4317 μοι
1165 4255 1257 4320 σφόδρα
1266 4254 1365 4318 διψῶντι

237 4350 351 4410 τοιαύτης
369 4349 469 4409 ἀνέσεως
486 4349 590 4411 εὔκαιρος
607 4349 621 4406 ἡ
637 4354 684 4398 τῶν
701 4350 785 4410 ἱλαρῶν
803 4367 845 4398 σου
865 4353 945 4412 Λόγων
963 4348 1027 4410 ἐρρύη
1045 4349 1116 4410 χάρις
1134 4347 1181 4415 (1).
