3310 5242
839 564 910 664 re

341 787 380 852 V.
404 786 567 853 Lucianus
591 790 623 852 in
648 788 833 854 Alexandro
859 791 895 870 (c.
916 791 969 871 48)
990 789 1029 855 de
1050 789 1118 855 divo
1137 789 1243 855 Marco
1263 791 1416 877 loquitur,

299 933 382 998 quae
405 914 501 980 verba
523 917 623 999 igitur
646 920 717 1000 post
741 915 804 978 180
829 915 946 998 scripta
970 934 1041 980 esse
1064 920 1188 981 constat
1199 919 1232 999 1).

340 1039 371 1104 N
374 1060 436 1105 unc
458 1042 497 1105 ad
521 1040 652 1105 Suidam
673 1045 704 1105 et
724 1043 859 1105 crimina
882 1043 1022 1106 virorum
1043 1042 1210 1108 doctorum
1231 1045 1416 1111 redeamus!

341 1165 439 1230 Suida
472 1165 651 1230 Lucienum
689 1171 762 1231 ante
793 1138 912 1230 annum
948 1167 1009 1229 117
1043 1173 1152 1233 natum
1178 1188 1249 1236 esse
1272 1176 1416 1255 testante,

297 1290 483 1357 Dindorfius
507 1293 589 1356 dixit
612 1292 723 1375 (Praei.
748 1291 833 1356 Edit.
856 1293 995 1357 Tauchn.
1020 1314 1049 1378 p.
1073 1293 1133 1374 VI)
1161 1296 1213 1377 „id
1233 1302 1339 1363 autem
1358 1298 1417 1362 fal·

298 1438 370 1483 sum
394 1424 448 1501 est,
469 1438 543 1482 nam
564 1420 700 1502 quaein
720 1417 854 1482 Luciani
875 1420 1000 1502 scriptis
1019 1423 1226 1503 reperiuntur
1238 1427 1415 1508 temporum

297 1549 391 1609 notae
421 1563 531 1609 omnes
558 1563 595 1609 eo
628 1543 773 1626 tendunt,
798 1550 834 1608 ut
857 1550 1010 1629 regnante
1032 1545 1207 1631 Hadriano,
1230 1551 1323 1614 cuius
1346 1569 1417 1634 reg·

298 1690 375 1734 num
407 1672 441 1734 in
472 1689 572 1734 annos
600 1669 684 1734 cadit
721 1670 894 1733 117-138
918 1676 1025 1755 natus,
1048 1678 1201 1757 regnante
1227 1693 1301 1738 vero
1325 1674 1416 1739 Com-

217 1815 224 1832 ·
298 1797 393 1862 modo
417 1816 457 1861 ex
481 1799 547 1861 vita
570 1797 746 1861 excessisse
768 1795 947 1861 videatur.”

343 1921 431 1998 Quae
442 1927 546 1986 autem
559 1922 631 1987 illae
646 1927 843 2006 „temporum
858 1921 971 1987 notae'’
986 1924 1060 2006 sint,
1073 1923 1213 2002 indicare
1226 1925 1414 2010 supersedit.

341 2047 370 2114 J.
400 2048 636 2114 Sommerbrodt
665 2048 777 2129 (Praei.
808 2047 891 2113 Edit.
923 2049 1059 2114 Weidm.
1090 2070 1120 2134 p.
1146 2051 1185 2132 1.)
1210 2050 1249 2116 de
1272 2050 1413 2116 Lucieno

297 2175 450 2258 loquitur,
488 2174 621 2256 „dessen
655 2173 842 2239 Lebenszeit
877 2180 958 2239 etwa
989 2195 1054 2240 von
1089 2177 1262 2241 120-200
1287 2198 1316 2241 n.
1341 2178 1413 2242 Chr.

295 2292 576 2385 fallt.”'Vu1garis
606 2306 713 2366 tamen
744 2302 853 2385 opinio
877 2307 926 2366 est
948 2287 1126 2366 Lucianu'm
1150 2323 1233 2368 anno
1258 2304 1324 2370 fere
1350 2306 1412 2368 125
1440 2327 1444 2332 ·

298 2432 410 2492 natum
435 2447 512 2492 esse.

342 2556 386 2619 nt
421 2574 485 2638 quo
518 2555 633 2619 nititur
665 2554 720 2619 ille
753 2574 858 2619 annus
891 2543 978 2618 125?
1011 2553 1116 2630 Quare
1138 2554 1218 2620 fides
1242 2554 1358 2620 Suidae
1379 2558 1415 2620 in

199 2691 202 2698 '
300 2682 433 2746 dubium
456 2682 611 2746 vocatur?

347 2807 525 2870 Audiamus
558 2805 654 2870 verba
687 2805 728 2869 M.
762 2806 953 2871 Rothsteinii
988 2803 1182 2886 (Quaestion.
1218 2805 1350 2870 Lucian.
1386 2826 1416 2890 p.

301 2934 400 3016 llll:
425 2933 559 3016 „Narrat
577 2935 645 3016 ipse
664 2932 825 2997 Lucienus
846 2952 879 2997 se
898 2951 995 3016 prope
1008 2931 1294 3016 quadragenarium
1310 2932 1417 2996 studia

298 3060 453 3124 rhetorica
485 3058 662 3123 deseruisse
694 3062 724 3121 et
755 3056 914 3121 scribendi
945 3056 1026 3120 illud
1049 3076 1163 3140 genus,
1187 3076 1251 3141 quo
1277 3059 1417 3121 maxime

298 3203 404 3268 neque
428 3186 497 3249 sine
515 3203 615 3248 causa
634 3184 796 3267 gloriatur,
808 3184 1015 3265 conjunctum
1031 3201 1047 3246 e
1061 3182 1186 3266 dialogo
1199 3183 1417 3267 philosophico

299 3315 330 3374 ct
353 3309 523 3386 comoedia,
546 3310 648 3373 colere
670 3310 827 3393 incepisse
850 3314 889 3372 et·
904 3309 1030 3391 scripsit
1052 3308 1323 3393 quadragenarius
1335 3308 1417 3373 Her-

299 3438 476 3517 motimum,
501 3436 620 3518 quoin
643 3433 749 3498 libello
772 3437 916 3498 omnium
939 3434 1005 3499 fere
1029 3437 1169 3499 maxime
1190 3437 1285 3499 etiam
1305 3455 1322 3499 e
1345 3435 1418 3499 Pla·

300 3564 385 3627 tonis
405 3562 603 3645 dialogorum
623 3562 798 3625 imitatione
810 3561 934 3645 pendet.
947 3563 1055 3644 Atque
1069 3563 1195 3644 scripsit
1206 3560 1417 3645 Peregrinum

300 3710 384 3755 anno
419 3690 488 3752 165.
512 3689 625 3772 Itaque
648 3693 770 3753 certum
795 3693 843 3752 est
865 3687 1043 3752 Lucianum
1067 3688 1175 3772 paullo
1199 3693 1272 3752 ante
1296 3707 1416 3751 annum

301 3816 364 3878 165
395 3815 435 3879 ad
459 3833 578 3878 novum
603 3813 764 3878 scribendi
786 3833 889 3898 genus
914 3833 948 3878 se
972 3815 1166 3878 convertisse
1191 3818 1222 3878 et
1245 3832 1328 3876 anno
1350 3813 1417 3876 fere

301 3942 364 4004 125
389 3946 498 4005 natunr
524 3938 623 4006 esse.”

301 4144 446 4159 ——fl-

330 4275 356 4342 1)
383 4277 451 4329 Sunt
476 4290 500 4330 v.
525 4275 550 4329 d.
574 4275 620 4341 qui
647 4276 727 4327 vitam
753 4274 890 4329 Alexandri
908 4281 968 4329 ante
986 4280 1096 4328 mortem
1114 4272 1151 4328 M.
1167 4273 1266 4328 Aurelii
1283 4275 1414 4342 scriptam,

299 4377 386 4440 postea
401 4371 496 4422 editam
512 4384 567 4420 esse
583 4370 730 4434 opinantur.
