3310 5242
220 806 412 870 mum-mihi
436 807 544 871 visum
572 811 620 872 est
644 807 707 886 (cfr.
722 825 746 870 e.
758 805 808 870 ΠΙ
821 806 839 888 ἓ
854 807 895 890 3).
916 803 986 881 Quo
1006 806 1108 890 posito
1119 804 1329 871 fundamento

220 932 359 1017 maligna
382 952 464 1016 quae
487 932 649 998 Lucienus
672 935 707 996 in
731 935 817 996 viros
839 931 1036 996 venerabiles
1059 932 1190 1016 protulit
1204 931 1334 1015 judicia,

220 1060 329 1121 utrum
354 1059 520 1142 exipsius
543 1058 755 1143 profluxerint
777 1059 942 1140 sententia,
966 1077 1007 1121 an
1026 1058 1060 1120 in
1081 1059 1217 1121 aliorum
1238 1057 1336 1122 verba

215 1183 377 1266 juraverit,
401 1190 548 1249 accurate
571 1187 795 1269 circumspexi.
820 1183 934 1268 Neque
953 1184 1073 1248 frustra
1093 1185 1245 1267 quaesivi,
1258 1203 1332 1247 nam

218 1309 253 1370 in
276 1307 437 1391 plerisque
461 1309 593 1394 dialogis
612 1309 803 1393 Lucianum,
823 1310 879 1394 qui
898 1310 1055 1373 rhetorica
1074 1313 1158 1374 esset
1171 1308 1336 1391 disciplina

218 1433 396 1517 institutus,
422 1437 629 1518 antiquorum
653 1438 856 1520 scriptorum,
880 1436 1065 1519 praesertim
1093 1433 1281 1499 Comoedias
1306 1438 1337 1498 et

219 1556 362 1644 Menippi
397 1562 516 1625 satirici
551 1562 738 1646 exemplum
771 1564 805 1626 in
836 1562 1032 1646 philosophis
1056 1561 1223 1626 eludendis
1246 1579 1337 1625 secu-

219 1689 290 1750 tum
322 1705 392 1752 esse
416 1687 583 1753 manifeste
605 1691 708 1773 patuit
731 1689 794 1770 (cfr.
819 1709 844 1753 c.
868 1689 918 1753 III
940 1690 960 1772 ᾗ
984 1691 1014 1771 4,
1039 1690 1067 1772 5,
1092 1688 1121 1772 6,
1147 1689 1185 1770 7).
1210 1686 1280 1764 Qua
1302 1689 1337 1752 in

220 1811 442 1894 disquisitione
477 1818 671 1898 quantopere
706 1815 783 1876 mihi
817 1815 922 1879 studia
946 1835 965 1878 a
986 1812 1109 1878 Koclrio
1132 1815 1336 1899 promulgata

220 1935 398 2020 profuerint
433 1943 464 2002 et
485 1940 545 2004 hoo
566 1940 636 2005 loeo
660 1939 762 2004 libens
784 1945 891 2024 testor,
914 1941 1003 2006 etin
1027 1941 1173 2023 sequenti
1197 1940 1338 2023 disputa-

220 2062 307 2127 tione
330 2064 504 2149 apparebit.
905 2036 911 2050 ’

265 2187 422 2254 Videmus
456 2209 529 2275 ergo
564 2190 742 2256 Lucianum
775 2211 839 2256 non
871 2192 910 2257 ab
935 2192 995 2256 alia
1018 2192 1059 2256 ad
1083 2192 1176 2256 aliam
1199 2192 1338 2276 philoso-

219 2314 354 2397 phorum
374 2320 492 2381 sectam
511 2318 675 2382 transiisse
694 2316 887 2401 (Fritzsche),
899 2337 1004 2401 neque
1015 2317 1214 2402 philosophia
1224 2318 1336 2382 relicta

222 2439 335 2505 deinde
357 2442 398 2506 ad
421 2443 563 2506 satiricos
582 2440 723 2528 dialogos
735 2447 967 2527 transgressum
981 2462 1050 2508 esse
1062 2443 1340 2526 (Sommerbrodt),

223 2566 278 2631 sed
308 2587 379 2632 mea
402 2569 508 2652 opinio
533 2570 560 2634 si
582 2569 745 2654 probanda
767 2575 823 2654 est,
846 2568 1008 2634 Lucienus
1032 2570 1105 2634 olim
1131 2572 1336 2655 antiquorum

222 2694 414 2777 exemplaria
448 2694 565 2779 refecit,
595 2700 704 2779 postea
734 2716 793 2761 sno
813 2697 934 2779 judicio
958 2716 1038 2761 usus
1060 2702 1116 2780 est,
1139 2698 1184 2762 ita
1207 2701 1243 2762 ut
1267 2699 1337 2762 eius

222 2821 355 2883 mutatio
379 2839 445 2884 non
467 2821 685 2905 philosophica
707 2821 762 2886 sed
785 2822 938 2886 litteraria
964 2822 1105 2905 putanda
1129 2825 1178 2886 sit.

266 2945 312 3010 At
332 2947 435 3031 ipsam
458 2947 705 3032 disputationem
729 2948 970 3032 aggrediamur!

247 3242 278 3308 2.
302 3246 350 3310 De
372 3243 530 3310 Piscatore
551 3250 581 3310 et
598 3245 659 3311 Bis
677 3245 840 3312 Accusata
862 3245 1040 3331 Quaeritur,
1059 3248 1136 3332 quid
1156 3236 1318 3314 Luciam

434 3371 471 3436 de
490 3371 684 3457 philosophia
706 3378 735 3436 er
757 3371 795 3438 de
818 3372 972 3438 rhetorica
994 3375 1135 3438 senserit.

267 3541 352 3650 Ante
385 3589 506 3651 ceteros
541 3586 682 3670 dialogos
708 3583 853 3650 Piscator
874 3583 967 3649 nobis
990 3585 1174 3650 tractandus
1198 3587 1343 3671 videtur,

225 3713 280 3795 qui
303 3731 340 3776 eo
363 3712 495 3776 consilio
518 3731 537 3776 a
560 3710 701 3775 Luciano
725 3716 773 3776 est
797 3713 943 3796 scrlptus,
967 3716 1004 3775 ut
1027 3712 1104 3795 quid
1125 3712 1164 3776 de
1177 3713 1339 3778 veteribus

224 3841 256 3902 et
289 3837 327 3904 de
357 3836 545 3921 aequalibus
576 3837 772 3921 philosophis
796 3839 936 3918 sentiret,
960 3835 1130 3900 lectoribus
1154 3843 1338 3922 exponeret.

269 3961 427 4048 Diogenes
461 3982 480 4026 a
514 3961 686 4045 sodalibus,
719 3965 755 4026 ut
785 3980 842 4046 pro
872 3963 913 4025 iis
940 3961 1035 4026 verba
1057 3961 1182 4046 faceret,
1205 3969 1335 4047 rogatus

224 4087 405 4154 Lucienum
435 4108 585 4154 accusare
614 4087 748 4171 fingitur
770 4089 932 4170 (25-28),
957 4088 1042 4172 quod
1064 4089 1098 4151 in
1121 4090 1339 4171 praecedenti·

226 4213 288 4279 bus
330 4215 463 4299 dialogis
501 4212 700 4279 venerabiles
740 4212 944 4297 philosophos
978 4213 1108 4298 indigne
1141 4216 1339 4283 traduxisset

225 4340 396 4429 ipsamque
421 4341 655 4428 philosophiam
679 4341 828 4405 omnium
849 4339 1032 4405 tradidisset
1054 4341 1143 4405 risui.
1166 4342 1197 4406 Α
1220 4344 1339 4431 quibus
