3328 5234
836 582 899 647 106

305 793 414 878 puisse
449 793 532 876 dicit,
562 797 598 858 ut
626 794 736 859 hilaris
766 795 905 859 narratio
934 795 1080 860 homines
1111 796 1277 880 litteratos,
1311 817 1427 862 cuma

306 924 400 988 seriis
430 924 675 1006 requiescerent,
704 940 848 986 recreare
877 927 992 1006 posset.
1014 923 1059 988 At
1082 923 1160 987 utile
1184 923 1270 988 dulci
1293 925 1427 989 miscere

305 1049 419 1130 voluit,
450 1067 522 1112 cum
554 1047 711 1111 mirabilia
743 1049 966 1132 exaggerando
990 1049 1181 1134 ostenderet,
1206 1069 1304 1134 quam
1327 1051 1427 1135 inepti

306 1178 416 1239 essent
438 1173 490 1268 illi
508 1172 710 1255 fabulatores,
734 1175 791 1258 qui
813 1174 988 1238 mentiendi
1009 1173 1143 1238 libidine
1161 1174 1283 1260 abrepti
1301 1175 1427 1239 inaudi-

306 1304 355 1363 tas
379 1298 585 1380 narrationes,
609 1300 702 1382 quasi
726 1297 786 1362 sibi
810 1300 888 1382 ipsis
911 1299 1108 1382 accidissent,
1131 1300 1332 1365 auditoribus
1352 1319 1427 1364 veu-

307 1425 408 1489 ditare
439 1429 638 1488 conarentur.
669 1423 719 1490 Ne
742 1431 848 1489 tamen
873 1427 1054 1508 quisquam,
1077 1426 1155 1510 quid
1177 1428 1247 1512 ipse
1270 1427 1310 1491 de
1331 1429 1426 1490 mira·

306 1547 424 1613 bilibus
456 1550 597 1631 sentiret,
629 1549 798 1631 dubitaret,
830 1549 996 1614 manifeste
1027 1551 1215 1615 declaravit:
1245 1547 1310 1614 ἐπεὶ
1334 1548 1426 1627 μηδὲν

305 1671 411 1748 ailadis
443 1674 558 1754 ἱστορεῖν
590 1668 753 1764 εἷχον,.ε’τὶ
776 1675 809 1739 τὸ
832 1674 939 1754 ψεῦδος
962 1674 1129 1756 ε’τρατόμνν
1151 1675 1227 1740 πολὺ
1249 1679 1305 1740 τῶν
1328 1674 1427 1740 ἄλλων

207 1820 210 1828 ’
305 1799 577 1880 εὐγνωμονέστερον·
597 1797 625 1864 ἓν
645 1799 703 1881 γαρ
723 1799 758 1872 δὴ
777 1805 862 1865 τοῦτο
882 1799 1031 1874 &interire
1044 1799 1147 1880 λέγων,
1161 1799 1203 1866 ὅτι
1214 1799 1362 1882 ψεύσομαι
1373 1803 1425 1884 (4).

350 1925 463 1990 Haud.
477 1927 608 2009 ignarus
632 1931 751 2008 autern,
776 1946 872 2009 quarn
896 1904 1046 2011 prospere
1068 1928 1123 1991 illa
1144 1929 1265 1992 ironica
1287 1929 1426 1992 narratio

306 2051 367 2116 sibi
402 2053 557 2133 cessisset,
589 2069 623 2114 se
652 2055 761 2135 postea
791 2051 901 2115 eodenr
932 2053 1026 2117 modo
1057 2059 1276 2136 perrecturum
1300 2072 1371 2118 esse
1391 2055 1427 2116 in

307 2178 372 2242 fine
396 2177 526 2241 alterius
550 2175 624 2239 libri
648 2175 700 2257 (II,
723 2177 777 2257 47)
796 2177 947 2259 promisit.
958 2176 1112 2242 Proxima
1125 2197 1199 2263 ergo
1211 2179 1427 2264 disputatione

307 2305 519 2388 inquinamur,
541 2322 621 2366 num
643 2303 722 2366 haec
745 2305 900 2387 promissa
922 2305 1121 2388 praestiterit.

426 2591 456 2654 3.
480 2587 530 2655 De
551 2589 684 2673 ratione,
707 2609 788 2675 quae
809 2590 893 2653 iuter
915 2589 1048 2654 Ιαοιανιι
1070 2589 1255 2655 Ροονονιεοιιι
1277 2593 1307 2654 et

682 2715 860 2781 Ιαονιοιοιιια
882 2717 1052 2781 intercedit.

350 2940 465 3005 Varios
499 2940 591 3005 Lucii
619 2943 748 3025 juvenis
778 2943 813 3005 in
840 2943 969 3007 asinum
1003 2942 1118 3006 mutati
1148 2961 1252 3027 casus,
1279 2947 1311 3007 et
1345 2962 1425 3026 quo-

270 3155 271 3160 ,
307 3067 404 3131 modo
434 3069 468 3130 in
493 3073 634 3132 veterem
655 3071 823 3133 restitutus
847 3070 889 3132 sit
910 3068 1059 3144 formam,
1082 3068 1146 3132 duo
1170 3069 1339 3153 scriptores
1362 3067 1426 3132 Lu-

307 3197 420 3260 cianus
455 3197 491 3258 in
524 3194 642 3278 fabula,
677 3197 730 3260 oui
764 3213 884 3259 nomen
919 3199 969 3259 est
1002 3193 1120 3258 Ιαοὶαο
1153 3195 1216 3259 sive
1251 3193 1372 3258 Asinus
1395 3200 1427 3259 et

307 3323 465 3408 Apuleius
488 3324 524 3385 in
546 3321 856 3405 Metamorphosibus
876 3320 969 3385 nobis
988 3326 1167 3384 narrarunt.
1179 3319 1303 3384 Tertius
1315 3324 1426 3384 auctor

307 3467 325 3512 e
359 3447 465 3511 Photii
494 3447 691 3512 Bibliotheca
722 3448 758 3528 (c.
784 3447 858 3531 129)
884 3448 1088 3531 cognoscitur
1109 3445 1229 3510 Lucius
1252 3446 1426 3530 Patrensis,

308 3575 422 3658 quiin
445 3574 571 3638 duobus
595 3575 709 3659 primis
732 3593 866 3638 suarum
890 3573 1189 3658 Metamorphoseon
1209 3573 1298 3638 libris
1310 3574 1423 3639 eodem

308 3704 499 3784 argumento
525 3719 603 3764 usus
626 3705 682 3764 est.
708 3697 797 3775 Quae
820 3698 927 3763 Photii
949 3699 1047 3764 verba
1068 3702 1113 3764 ita
1133 3679 1301 3785 leguntur:

351 3824 533 3901 ’Avayvcirdn
554 3823 676 3889 Auarico
696 3823 832 3906 Πατρέως
849 3822 1105 3906 μεταμορφώσεων
1116 3825 1196 3904 λόγον
1209 3824 1346 3907 διάφοροι.
1362 3827 1426 3890 ἔστι

307 3948 338 4014 δὲ
358 3949 410 4022 τὴν
430 3949 537 4032 φράσιν
557 3949 659 4032 σαφής
679 3975 712 4014 τε
730 3949 782 4014 καὶ
803 3951 925 4032 καθαρὸς
937 3948 988 4014 καὶ
1001 3949 1088 4032 φίλος
1099 3949 1292 4027 γλυκύτατος·
1302 3950 1424 4032 Φεύγαν

307 4076 338 4140 δὲ
368 4075 421 4148 τὴν
452 4077 480 4140 ἐν
510 4075 606 4155 λόγοις
637 4077 822 4155 καινοτομίαν
852 4077 890 4150 εἷς
922 4075 1084 4158 ὑπερβολὴν
1115 4076 1206 4142 διώκει
1233 4076 1286 4150 τὴν
1309 4079 1338 4142 ἕν
1361 4085 1423 4152 τοῖς

307 4200 471 4281 διηγήμασι
502 4203 661 4282 τερατείαν,
685 4202 737 4268 καὶ
761 4205 798 4276 ὡς
821 4201 857 4268 ἂν
881 4227 925 4275 τις
947 4201 1028 4276 εἴποι,
1052 4201 1143 4275 ἄλλος
1168 4201 1229 4267 ἐστὶ
1253 4202 1422 4268 Λουκιανό.

308 4327 332 4394 οἱ
359 4326 390 4392 δέ
421 4353 458 4408 γε
481 4333 583 4410 τρῶτοι
607 4331 697 4395 αὐτοῦ
720 4328 769 4395 δύο
791 4329 871 4408 λάροι
895 4328 980 4408 μόνον
1002 4331 1032 4395 οὐ
1056 4326 1289 4412 μετεγροέφνσαν
1312 4329 1424 4411 Λονκίῳ
