3328 5234
841 599 883 662 68

455 808 512 884 ἐγὼ
535 808 583 872 τὸν
606 808 694 892 αἰῶν’,
719 806 827 894 ἄνδρες,
851 810 984 884 ε’τεύνύκκ
1010 808 1105 875 πύλοιι

455 928 562 996 ύπιινύ
586 929 615 996 ὃν
638 930 714 1014 ἔζων·
739 932 824 998 τοῦτο’
846 957 895 1013 μοι
919 933 1081 1000 πιστεύετε.

455 1054 535 1136 cizan
558 1057 591 1120 τὸ
614 1058 703 1122 κοιλύν
727 1082 786 1137 μοι,
811 1059 953 1143 ratpald,
978 1061 1010 1124 τὸ
1033 1061 1137 1138 σεμνὸν
1161 1055 1203 1134 ἦν.

456 1230 600 1249 .......
623 1188 748 1248 τοιοῦτον
772 1179 806 1258 ἦν
829 1185 860 1249 τί
882 1209 930 1263 μοι
955 1186 1051 1251 πύλοιι
1075 1185 1176 1260 σκότος

456 1309 516 1389 περὶ
539 1311 591 1382 τὴν
616 1308 750 1384 διούνοιοιν,
775 1313 812 1384 ὡς
836 1309 916 1386 ἔοικε,
941 1312 1079 1398 κείμενον,

456 1433 470 1498 ὃ
493 1432 582 1498 πύντ’
606 1432 729 1516 ἔκρυπτε
751 1440 851 1500 τοῦτον
868 1435 1021 1524 κῆφούνιζέ
1046 1461 1103 1516 μοι.

454 1565 503 1625 νῦν
526 1561 552 1624 δ’
576 1560 670 1626 ἐνθάδ’
694 1562 791 1642 talto,
819 1560 912 1645 ύτπερ
936 1564 976 1636 εἷς
999 1564 1184 1638 Ἀσκληπιοῦ

456 1687 687 1771 ε’γκοιτοικλινεύς,
712 1689 749 1761 ὡς
772 1685 842 1762 ἴστε,
868 1690 937 1768 μετ’
961 1689 1072 1768 ὀλίγον·
1079 1689 1178 1772 χρόνον

454 1813 657 1892 ύνοοβεβίωκοι·
682 1819 839 1894 περιποιτω,
864 1820 947 1880 hald>
971 1822 1090 1898 φρονῶν·

455 1939 600 2026 τὴν(τὸν)
626 1940 800 2013 τηλικούτων
824 1940 876 2006 κοιὶ
896 1941 1028 2007 τοιούτων
1051 1943 1154 2017 ἡδονῶν
1167 1941 1284 2030 (ἥλιον)

455 2064 579 2142 ξύνοικον
601 2068 694 2151 εὑρών,
718 2065 827 2148 ἄνδρες,
852 2070 881 2132 ἐν
905 2077 940 2150 τῇ
964 2069 1097 2154 τήμερον,

455 2193 536 2270 ὑμᾶς
559 2194 649 2273 ἐρωτῶ
673 2197 732 2267 νύν,
756 2193 803 2267 τίς
824 2192 873 2276 ὁρᾷ
896 2196 945 2258 τὸν
968 2194 1080 2275 ούροινύν

455 2318 509 2392 τὴν
532 2317 695 2400 νἰκρύπολιν,
719 2319 752 2384 τὸ
775 2319 889 2401 ύὲοιτρον
913 2317 1001 2406 [ἥδιον
1025 2321 1056 2399 ν’
1073 2323 1174 2408 ε’μού];

344 2447 386 2512 nt
407 2452 589 2532 sequuntur
611 2447 727 2513 verba:
755 2447 958 2531 „Oeniandos”
983 2457 1014 2513 et
1040 2448 1259 2531 ρροοιύύμοιτοι”.

343 2572 486 2638 Koolrins
524 2573 669 2638 adnotat:
709 2574 919 2656 „obtrectator
952 2576 1059 2639 nescio
1095 2576 1167 2659 quis
1202 2577 1421 2660 philosophiae

298 2700 569 2782 adulescentulus,
603 2705 641 2764 ut
675 2700 809 2782 videtur,
843 2702 899 2784 qui
934 2700 1067 2764 antehae
1100 2703 1246 2767 notiones
1281 2702 1418 2767 morales

299 2835 418 2893 temore
441 2830 680 2910 contempserat,
704 2826 928 2891 brevissimum
954 2835 1080 2911 tempus
1103 2848 1122 2892 a
1145 2829 1295 2911 magistro
1320 2830 1420 2893 stoioo

300 2956 468 3018 institutus
491 2955 554 3017 iam
578 2953 668 3017 aliter
689 2953 921 3036 philosophiam
945 2955 1090 3018 aestimat
1111 2959 1141 3018 et
1153 2954 1303 3019 laetitiam
1317 2975 1420 3038 suam,

300 3099 341 3144 ne
372 3082 445 3163 quis
470 3097 535 3142 non
556 3079 701 3142 initiatus
725 3078 843 3160 audiat,
867 3077 955 3142 solus
979 3097 1054 3143 oum
1078 3079 1309 3163 spectatoribus
1332 3099 1421 3144 oom-

300 3207 432 3270 munioa
447 3203 476 3269 .''

348 3332 450 3410 Quam
462 3333 752 3416 interpretationem
765 3331 886 3396 Koohio
900 3332 1128 3397 defendendam
1140 3334 1302 3418 reliquens
1314 3338 1421 3399 tamen

300 3465 458 3544 qnantum
477 3458 532 3523 ille
555 3459 695 3522 comious
715 3459 845 3540 juvenis
869 3462 900 3522 ot
913 3457 1097 3542 ‚discipulus
1119 3458 1244 3543 Nigrini
1264 3459 1421 3524 Platonici

301 3585 363 3650 sibi
406 3585 524 3650 similos
567 3587 641 3668 sint,
677 3584 924 3649 consideremus.
962 3584 1112 3650 Conferas
1147 3585 1244 3650 verba
1279 3589 1419 3650 oomioa:

300 3709 401 3782 σκότος
431 3709 495 3791 περὶ
526 3710 579 3783 τὴν
610 3707 735 3774 διύνοιοιν
765 3709 894 3788 κείμενον
924 3707 1047 3792 ἔκρυπτε
1079 3709 1179 3775 πύντοι
1209 3732 1282 3778 oum
1305 3711 1420 3778 Lnoia-

302 3839 371 3902 neia
391 3840 435 3920 (2)
455 3836 583 3911 ἕττύλνν
602 3835 657 3915 μὲν
676 3837 742 3901 solt
761 3843 814 3911 τῆς
835 3835 945 3910 πόλεως
962 3837 1137 3915 βουλόμενος
1150 3839 1244 3920 ἱοοτρύν
1256 3840 1419 3920 antarpoti

302 3962 463 4030 ύεύτοιούού
489 3987 566 4029 τινοι·
595 3965 628 4030 τὸ
659 3965 715 4045 γύρ
746 3988 795 4043 μοι
826 3962 917 4037 πύύος
947 3964 980 4028 τὸ
1011 3966 1040 4028 ἕν
1071 3966 1110 4045 τῷ
1133 3967 1280 4047 ύφύοιλμῷ
1303 3968 1421 4044 μᾶλλον

301 4091 468 4166 ἐπετείνετο,
499 4112 563 4157 non
593 4098 700 4158 tamen
725 4092 884 4157 medicum
908 4092 996 4174 adiit,
1021 4092 1076 4155 sed
1098 4092 1323 4176 philosophum
1346 4092 1419 4157 Pla·

301 4222 452 4285 tonicum.
484 4218 569 4296 Quid
596 4222 696 4305 igitur
727 4219 856 4284 dehoc
888 4217 1054 4282 oculorum
1079 4218 1188 4283 morbo
1212 4219 1417 4284 statuendum

302 4349 352 4432 sit,
382 4349 474 4414 faoilo
502 4348 676 4433 intellegas.
706 4345 728 4411 J
731 4346 845 4412 uronis
876 4346 1019 4409 comicus
1050 4339 1143 4425 ύτπερ
1170 4345 1209 4418 εἰς
1233 4345 1417 4419 Ἀσκληπιοῦ
