3328 5234
837 601 878 664 70

305 817 417 898 genter
454 791 610 897 spectare*
633 813 746 877 solitus
778 814 826 876 sit.
859 811 957 896 (Nigr.
981 814 1009 876 8.
1035 812 1115 879 Gall.
1140 814 1190 877 26.
1213 813 1345 878 Icarom.
1369 815 1422 897 29,

305 943 336 1004 et
359 941 478 1022 passim
503 940 537 1002 in
560 937 642 1026 libro
666 939 705 1002 de
726 937 917 1018 saltatione.)

348 1068 392 1130 At
423 1065 501 1148 quid
532 1083 589 1128 vos
614 1065 665 1128 hic
690 1065 811 1128 diutius
836 1064 965 1127 moror?
988 1063 1143 1148 Inspicias
1166 1065 1421 1130 dissertationem

304 1213 323 1256 a
346 1192 380 1256 P.
405 1191 595 1272 Souulzoo1)
620 1192 782 1274 scriptam,
802 1192 858 1274 qui
879 1191 917 1254 de
937 1191 997 1254 hoc
1017 1198 1204 1276 argumento
1216 1192 1317 1257 multa
1329 1192 1422 1257 utilia

305 1318 446 1403 protulit.
471 1317 519 1381 De
543 1318 677 1381 diversis
703 1319 896 1381 comicorum
919 1317 1044 1380 dicendi
1062 1318 1233 1401 generibus
1254 1320 1422 1403 disserena,

305 1443 404 1508 verba
434 1444 640 1526 deminutiva,
663 1449 699 1506 ut
722 1441 880 1519 γνομίδιοι,
903 1441 1060 1520 λυχνίδιον,
1086 1443 1264 1522 ίονοιλλίδιον
1288 1446 1328 1509 ad
1352 1465 1422 1510 eam

268 1549 272 1556 ’
307 1571 461 1653 originem
497 1568 661 1633 referenda
697 1587 766 1632 esse
797 1572 882 1632 recte
914 1570 1046 1633 monuit.
1079 1568 1187 1634 Oertas
1203 1551 1373 1636 ‘tonnulae
1405 1590 1422 1636 e

306 1697 491 1780 quotidiano
513 1713 658 1760 sermone
677 1696 792 1779 petitas
811 1699 847 1758 ut
865 1695 894 1757 ἐν
914 1694 1017 1774 caepe
1035 1692 1137 1773 χρόνον
1150 1701 1181 1761 et
1192 1696 1422 1776 οίοκοιοδοομοκτί

305 1818 427 1898 βλέπειν
451 1820 538 1900 (Tim.
564 1821 626 1904 14),
651 1821 801 1884 vaticinia
822 1824 853 1884 et
873 1821 1073 1884 oraculorum
1093 1826 1194 1887 sortes
1205 1825 1241 1885 in
1252 1818 1423 1887 ridiculum

305 1947 421 2012 versas
438 1946 524 2031 (Jup.
547 1946 636 2030 Trag.
662 1948 714 2026 31)
734 1952 893 2030 postremo
913 1948 1125 2012 contionalem
1145 1969 1241 2013 usum
1253 1949 1424 2033 depravata

305 2075 482 2137 imitatione
494 2092 692 2157 expressum,
702 2073 780 2136 haec
793 2073 899 2136 omnia
911 2071 1082 2155 prudenter
1094 2072 1225 2137 collecta
1238 2075 1425 2138 aestimarit.

350 2198 394 2262 Ut
428 2203 534 2262 tamen
567 2199 657 2280 scies,
690 2198 768 2280 quid
799 2198 838 2262 de
865 2196 1012 2262 Sohulzei
1036 2199 1151 2264 studiis
1174 2200 1208 2262 in
1233 2179 1423 2264 universum

308 2326 452 2407 sentiam,
475 2325 508 2386 in
534 2323 777 2406 quaestionibus
800 2324 839 2388 ad
863 2323 1032 2388 dictionem
1055 2325 1289 2408 pertinentibus
1311 2327 1425 2392 merita

308 2454 378 2517 eius
408 2454 602 2536 agnoscenti,
633 2471 715 2536 quae
746 2456 853 2515 tamen
884 2451 923 2514 de
948 2453 1108 2517 continuis
1133 2455 1328 2517 comicorum
1353 2472 1425 2518 sen·

307 2580 416 2643 tentiis
440 2599 458 2642 a
480 2576 622 2642 Luciano
645 2579 808 2643 translatis
833 2583 863 2642 et
882 2579 920 2642 de
941 2584 1204 2662 argumentorum
1217 2580 1427 2644 similitudine

308 2706 449 2787 conjecit,
482 2723 518 2768 ee
549 2705 633 2768 haud
661 2704 826 2788 probanda
849 2704 928 2768 mihi
951 2705 1110 2769 videntur.
1133 2705 1246 2770 Statim
1270 2707 1426 2790 quosdam

307 2831 393 2896 locos
417 2831 497 2894 milri
519 2830 660 2914 proferre
681 2832 790 2896 liceat!

353 2954 432 3020 Oum
447 2955 632 3055 ¹Sohulneus
655 2959 689 3020 in
716 2957 917 3039 „Piscatore”
942 2959 985 3040 (1)
1009 2960 1188 3024 invenisset
1211 2957 1310 3036 βοίλλε
1327 2957 1428 3034 βοίλλε

306 3081 355 3145 νον
378 3079 542 3161 κοοτοίροιτον
565 3081 699 3162 οίφίίνοις
721 3089 782 3154 τοῖς
803 3082 897 3155 λίίοις.
917 3082 1065 3160 ἕνίβοιλλε
1083 3088 1138 3148 τῶν
1159 3084 1270 3162 βώλων.
1292 3084 1426 3165 προσεπί-

310 3206 408 3284 βοιλλε
440 3205 491 3270 uoci
523 3211 579 3270 τῶν
602 3205 756 3288 daupeinai.
779 3211 935 3279 πολλοῖς
958 3205 1054 3282 ξύλοις
1077 3210 1126 3273 τὸν
1150 3209 1302 3291 οίλιτιίριον,
1328 3232 1427 3276 anno-

309 3334 389 3397 tavit
427 3333 526 3414 „nihil
561 3334 648 3397 aliud
683 3335 817 3418 scriptor
851 3334 914 3398 sibi
949 3335 1058 3419 voluit,
1090 3339 1153 3401 nisi
1186 3337 1282 3402 verba
1312 3357 1427 3403 senum

309 3460 566 3524 Acharnensium
602 3460 871 3544 circumscribere,
903 3481 985 3544 quae
1015 3462 1063 3524 illi
1092 3461 1297 3546 Dicaeopolin
1322 3483 1425 3547 perse·

308 3587 375 3649 cuti
399 3585 592 3649 exclamant:
665 3587 669 3596 '

619 3710 729 3794 βίλλε,
753 3710 861 3790 βάλλε,
887 3712 995 3791 βάλλε,
1020 3711 1129 3798 βοίλλε,

620 3843 693 3902 aruis
715 3843 775 3909 ποῖς
800 3839 847 3902 τὸν
872 3837 983 3918 μιοιρίν.

620 3966 650 4029 οὐ
675 3964 801 4047 Balsio,
826 3966 857 4029 οὐ
881 3964 1003 4042 βοιλεῑς;

310 4155 455 4162 ——--..

342 4267 368 4334 1)
397 4271 427 4321 P.
444 4271 591 4326 Sohulzeus.
609 4274 680 4334 Quae
696 4275 761 4325 ratio
779 4276 918 4326 intercedat
936 4276 1003 4326 inter
1021 4275 1165 4326 Lucienum
1183 4281 1209 4327 et
1227 4277 1336 4328 comicos
1354 4291 1430 4341 prae·

310 4363 399 4417 sertim
418 4369 512 4429 poetae.
