3328 5234
813 543 875 606 112

286 755 449 821 communi
482 753 657 838 Hipparchi
691 759 722 818 et
757 755 902 838 conjugis
937 753 1095 818 cubiculo.
1126 754 1253 819 Etenim
1278 755 1408 819 siluno

287 881 440 945 adfuisset
471 879 674 963 Hipparchus
708 880 760 944 vel
784 880 953 957 dormiens,
978 882 1033 963 qni
1057 881 1200 962 conjunx
1224 901 1302 945 ausa
1327 884 1411 945 esset

287 1009 466 1092 praestigiis
490 1025 525 1070 se
547 1007 679 1089 magicis
701 1007 735 1068 in
759 1025 848 1070 avem
874 1007 1022 1070 mutare?
1047 1005 1109 1082 Qui
1133 1009 1317 1091 praesertim
1337 1011 1410 1090 post

287 1133 381 1196 herae
405 1133 581 1196 discessum
606 1151 685 1194 ausa
706 1130 819 1196 fuisset
838 1130 999 1196 Palaestra
1018 1133 1051 1194 in
1072 1132 1132 1195 hoc
1151 1133 1256 1216 ipsum
1277 1132 1409 1197 eubicu-

287 1259 355 1323 lum
379 1260 506 1340 intrare,
530 1263 567 1321 ut
589 1258 664 1321 inde
687 1259 840 1342 pyxidem
861 1257 1022 1323 auferret?
1042 1256 1110 1322 Nec
1130 1257 1280 1323 credibile
1299 1263 1355 1341 est,
1375 1259 1411 1321 in

217 1368 221 1374 ¹
287 1388 356 1471 ipso
399 1385 573 1470 Hipparchi
615 1383 762 1448 cubiculo
804 1386 942 1469 magicas
985 1385 1110 1448 arculas
1145 1389 1175 1449 et
1210 1385 1356 1468 capsulas
1392 1405 1411 1447 a

291 1511 479 1575 muliercula
515 1511 629 1574 callida
663 1515 695 1574 et
728 1511 877 1595 prudenti
911 1510 1011 1575 fuisse
1045 1513 1208 1594 repositae,
1242 1513 1344 1575 tutius
1375 1513 1411 1574 in

288 1639 415 1721 proprio
457 1655 516 1700 suo
557 1635 700 1699 conclavi
741 1640 887 1718 suspecta
922 1638 999 1700 artis
1033 1636 1161 1700 infamis
1194 1638 1410 1700 instrumenta

289 1762 464 1829 servabat.'’

337 1890 509 1971 „Attamen
531 1886 703 1970 conferas,''
728 1889 773 1952 sic
796 1889 903 1971 inquit
922 1886 1097 1971 Biirgerus,
1123 1888 1325 1972 „Apuleium
1350 1890 1409 1975 qui

287 2015 358 2079 loco
393 2013 596 2097 respondenti
632 2011 700 2094 (HI,
732 2013 785 2091 21)
815 2012 892 2075 haec
924 2011 1032 2076 habet:
1069 2016 1217 2097 ,jamque
1241 2014 1323 2076 circa
1346 2014 1411 2096 pri-

290 2160 373 2203 mam
408 2139 510 2201 noctis
541 2137 683 2220 vigiliam
706 2137 745 2201 ad
768 2137 848 2201 illud
873 2140 1020 2221 superius
1045 2131 1229 2203 cubiculum
1255 2158 1411 2222 suspenso

290 2272 320 2331 et
349 2266 464 2330 insono
495 2265 629 2347 vestigio
661 2282 712 2327 me
736 2263 911 2348 perducit.'’
935 2263 1000 2328 Ubi
1022 2264 1164 2329 indicare
1186 2265 1258 2328 vult
1280 2264 1412 2329 cubicu-

287 2392 356 2457 lum
390 2392 497 2477 paullo
532 2395 605 2454 ante
639 2392 675 2470 (c.
710 2391 748 2452 17
781 2395 812 2454 et
836 2392 887 2471 18)
911 2396 1057 2455 accurate
1081 2391 1119 2454 ab
1143 2410 1179 2455 eo
1203 2391 1407 2474 descriptum,

290 2519 375 2603 quod
410 2518 549 2581 maxime
579 2515 701 2580 artibus
732 2517 799 2580 suis
823 2517 954 2601 magicis
978 2517 1213 2580 commodatum
1236 2515 1412 2600 Hipparchi

290 2665 375 2709 uxor
408 2649 527 2709 secreto
559 2642 688 2708 colebat.
718 2642 768 2706 En
792 2648 946 2724 tenemur,
971 2643 1057 2726 quod
1080 2645 1216 2726 requirit
1239 2643 1411 2708 Boissona·

291 2771 371 2854 dius,
394 2776 490 2855 atque
514 2770 606 2833 valde
629 2770 800 2834 verisimile
820 2773 867 2833 est
885 2768 1068 2852 Apuleium,
1089 2789 1162 2833 cum
1186 2774 1290 2834 cetera
1301 2771 1409 2834 omnia

290 2915 307 2961 e
341 2895 441 2960 Lucio
461 2897 615 2979 petiverit,
638 2914 679 2959 ne
701 2896 761 2960 hoc
784 2895 913 2978 quidem
936 2897 1042 2978 ipsum
1065 2897 1236 2978 invenisse,
1261 2895 1403 2960 Graecus

291 3027 396 3085 autem
432 3027 607 3106 excerptor,
641 3041 714 3086 cum
749 3025 1079 3087 commemorationem
1109 3031 1141 3088 et
1164 3025 1406 3108 descriptionem

290 3147 377 3212 illius
401 3146 541 3212 cubiculi
563 3149 699 3231 priorem
724 3168 788 3211 una
810 3167 882 3212 cum
907 3147 1025 3212 fabulis
1044 3149 1306 3232 praecedentibus
1326 3167 1410 3214 rese-

292 3275 419 3357 cuisset,
442 3276 610 3357 sequentia
632 3279 756 3338 mutare
780 3280 909 3338 coactus
934 3272 1029 3338 erat.'’

336 3398 442 3463 Photii
472 3401 571 3483 igitur
599 3399 671 3483 fide,
701 3401 786 3484 quod
811 3400 849 3463 ad
873 3400 1064 3484 excerpendi
1087 3402 1239 3465 rationem
1264 3402 1410 3485 pertinet,

292 3525 430 3610 probata,
465 3526 543 3608 quid
577 3527 616 3591 de
649 3525 741 3590 Lucii
771 3526 932 3592 Patrensis
956 3528 1181 3610 superstitione
1204 3529 1409 3593 statuendum

293 3651 342 3733 sit,
365 3651 577 3733 inquiramus

338 3778 439 3841 Asino
469 3775 628 3842 Lucianeo
663 3779 919 3862 superstitionem
942 3779 1098 3843 deridenti
1121 3779 1256 3845 Photius
1277 3783 1407 3866 opponit

294 3901 385 3968 Lucii
419 3903 582 3970 Patrensis
611 3905 881 3990 Metamorphoses
912 3906 1101 3990 prodigiosis
1125 3913 1279 3973 scatentes
1303 3928 1412 3973 narra·

294 4030 444 4112 tionibus
469 4030 586 4114 quibus
608 4034 715 4115 ipsum
739 4030 875 4095 Lucium
900 4032 1072 4096 credidisse
1095 4033 1182 4096 dicit.

337 4157 434 4224 Recte
467 4158 507 4224 de
539 4159 653 4223 harum
687 4159 868 4224 fabularum
891 4159 996 4222 indole
1019 4158 1155 4222 Photius
1173 4159 1338 4245 Judicavit,
1362 4180 1413 4246 an,

294 4286 377 4352 sicut
400 4287 435 4349 in
456 4286 550 4350 Asini
573 4291 687 4352 natura
708 4286 951 4371 interpretanda,
974 4286 1026 4350 hic
1049 4306 1178 4372 quoque
1206 4287 1316 4373 lapsus
1339 4287 1412 4353 esti
